{
	"state": 0,
	"message": "查询成功",
	"pageCount": 1,
	"countNum": 0,
	"Tflag": 0,
	"result": [
		{
			"name": "双色球",
			"code": "2020058",
			"detailsLink": "/c/2020-07-02/470535.shtml",
			"videoLink": "/c/2020-07-02/470534.shtml",
			"date": "2020-07-02(四)",
			"week": "四",
			"red": "01,03,11,12,19,26",
			"blue": "07",
			"blue2": "",
			"sales": "356052050",
			"poolmoney": "958212978",
			"content": "北京1注,河北2注,辽宁1注,上海1注,江苏1注,安徽1注,福建1注,山东3注,河南1注,广东4注,广西1注,云南1注,共18注。",
			"addmoney": "",
			"addmoney2": "",
			"msg": "",
			"z2add": "",
			"m2add": "",
			"prizegrades": [
				{
					"type": 1,
					"typenum": "18",
					"typemoney": "5569985"
				},
				{
					"type": 2,
					"typenum": "136",
					"typemoney": "94299"
				},
				{
					"type": 3,
					"typenum": "2821",
					"typemoney": "3000"
				},
				{
					"type": 4,
					"typenum": "107734",
					"typemoney": "200"
				},
				{
					"type": 5,
					"typenum": "1708942",
					"typemoney": "10"
				},
				{
					"type": 6,
					"typenum": "15213521",
					"typemoney": "5"
				},
				{
					"type": 7,
					"typenum": "",
					"typemoney": ""
				}
			]
		},
		{
			"name": "双色球",
			"code": "2020057",
			"detailsLink": "/c/2020-06-30/470425.shtml",
			"videoLink": "/c/2020-06-30/470424.shtml",
			"date": "2020-06-30(二)",
			"week": "二",
			"red": "09,14,21,23,26,32",
			"blue": "03",
			"blue2": "",
			"sales": "349147892",
			"poolmoney": "1019998705",
			"content": "安徽1注,广东1注,宁夏1注,共3注。",
			"addmoney": "",
			"addmoney2": "",
			"msg": "",
			"z2add": "",
			"m2add": "",
			"prizegrades": [
				{
					"type": 1,
					"typenum": "3",
					"typemoney": "10000000"
				},
				{
					"type": 2,
					"typenum": "113",
					"typemoney": "193145"
				},
				{
					"type": 3,
					"typenum": "1334",
					"typemoney": "3000"
				},
				{
					"type": 4,
					"typenum": "68019",
					"typemoney": "200"
				},
				{
					"type": 5,
					"typenum": "1289604",
					"typemoney": "10"
				},
				{
					"type": 6,
					"typenum": "10655792",
					"typemoney": "5"
				},
				{
					"type": 7,
					"typenum": "",
					"typemoney": ""
				}
			]
		},
		{
			"name": "双色球",
			"code": "2020056",
			"detailsLink": "/c/2020-06-28/470315.shtml",
			"videoLink": "/c/2020-06-28/470314.shtml",
			"date": "2020-06-28(日)",
			"week": "日",
			"red": "02,05,08,12,26,31",
			"blue": "14",
			"blue2": "",
			"sales": "380233782",
			"poolmoney": "984522456",
			"content": "辽宁10注,黑龙江1注,湖北2注,广东2注,甘肃1注,青海1注,共17注。",
			"addmoney": "",
			"addmoney2": "",
			"msg": "",
			"z2add": "",
			"m2add": "",
			"prizegrades": [
				{
					"type": 1,
					"typenum": "17",
					"typemoney": "6280167"
				},
				{
					"type": 2,
					"typenum": "186",
					"typemoney": "146255"
				},
				{
					"type": 3,
					"typenum": "1223",
					"typemoney": "3000"
				},
				{
					"type": 4,
					"typenum": "72751",
					"typemoney": "200"
				},
				{
					"type": 5,
					"typenum": "1416500",
					"typemoney": "10"
				},
				{
					"type": 6,
					"typenum": "9023227",
					"typemoney": "5"
				},
				{
					"type": 7,
					"typenum": "",
					"typemoney": ""
				}
			]
		},
		{
			"name": "双色球",
			"code": "2020055",
			"detailsLink": "/c/2020-06-25/470302.shtml",
			"videoLink": "/c/2020-06-25/470301.shtml",
			"date": "2020-06-25(四)",
			"week": "四",
			"red": "01,05,07,23,28,30",
			"blue": "12",
			"blue2": "",
			"sales": "327140694",
			"poolmoney": "1009674637",
			"content": "吉林1注,山东2注,河南2注,湖南1注,广东6注,陕西2注,共14注。",
			"addmoney": "",
			"addmoney2": "",
			"msg": "",
			"z2add": "",
			"m2add": "",
			"prizegrades": [
				{
					"type": 1,
					"typenum": "14",
					"typemoney": "5761052"
				},
				{
					"type": 2,
					"typenum": "198",
					"typemoney": "67264"
				},
				{
					"type": 3,
					"typenum": "2860",
					"typemoney": "3000"
				},
				{
					"type": 4,
					"typenum": "124578",
					"typemoney": "200"
				},
				{
					"type": 5,
					"typenum": "1889224",
					"typemoney": "10"
				},
				{
					"type": 6,
					"typenum": "10927492",
					"typemoney": "5"
				},
				{
					"type": 7,
					"typenum": "",
					"typemoney": ""
				}
			]
		},
		{
			"name": "双色球",
			"code": "2020054",
			"detailsLink": "/c/2020-06-23/470192.shtml",
			"videoLink": "/c/2020-06-23/470191.shtml",
			"date": "2020-06-23(二)",
			"week": "二",
			"red": "03,10,19,25,26,31",
			"blue": "02",
			"blue2": "",
			"sales": "338817016",
			"poolmoney": "1050374135",
			"content": "河北2注,浙江2注,江西1注,河南1注,湖南1注,广东1注,四川1注,贵州1注,新疆1注,共11注。",
			"addmoney": "",
			"addmoney2": "",
			"msg": "",
			"z2add": "",
			"m2add": "",
			"prizegrades": [
				{
					"type": 1,
					"typenum": "11",
					"typemoney": "6596678"
				},
				{
					"type": 2,
					"typenum": "210",
					"typemoney": "104544"
				},
				{
					"type": 3,
					"typenum": "1818",
					"typemoney": "3000"
				},
				{
					"type": 4,
					"typenum": "80778",
					"typemoney": "200"
				},
				{
					"type": 5,
					"typenum": "1444247",
					"typemoney": "10"
				},
				{
					"type": 6,
					"typenum": "8430192",
					"typemoney": "5"
				},
				{
					"type": 7,
					"typenum": "",
					"typemoney": ""
				}
			]
		},
		{
			"name": "双色球",
			"code": "2020053",
			"detailsLink": "/c/2020-06-21/470082.shtml",
			"videoLink": "/c/2020-06-21/470081.shtml",
			"date": "2020-06-21(日)",
			"week": "日",
			"red": "02,14,15,16,32,33",
			"blue": "01",
			"blue2": "",
			"sales": "381666534",
			"poolmoney": "1057074616",
			"content": "浙江14注,湖南1注,四川1注,云南1注,深圳2注,共19注。",
			"addmoney": "",
			"addmoney2": "",
			"msg": "",
			"z2add": "",
			"m2add": "",
			"prizegrades": [
				{
					"type": 1,
					"typenum": "19",
					"typemoney": "6277278"
				},
				{
					"type": 2,
					"typenum": "360",
					"typemoney": "84264"
				},
				{
					"type": 3,
					"typenum": "1404",
					"typemoney": "3000"
				},
				{
					"type": 4,
					"typenum": "58928",
					"typemoney": "200"
				},
				{
					"type": 5,
					"typenum": "1018510",
					"typemoney": "10"
				},
				{
					"type": 6,
					"typenum": "7898492",
					"typemoney": "5"
				},
				{
					"type": 7,
					"typenum": "",
					"typemoney": ""
				}
			]
		},
		{
			"name": "双色球",
			"code": "2020052",
			"detailsLink": "/c/2020-06-18/469969.shtml",
			"videoLink": "/c/2020-06-18/469968.shtml",
			"date": "2020-06-18(四)",
			"week": "四",
			"red": "02,08,13,29,32,33",
			"blue": "15",
			"blue2": "",
			"sales": "352815504",
			"poolmoney": "1085336824",
			"content": "江苏1注,山东1注,共2注。",
			"addmoney": "",
			"addmoney2": "",
			"msg": "",
			"z2add": "",
			"m2add": "",
			"prizegrades": [
				{
					"type": 1,
					"typenum": "2",
					"typemoney": "10000000"
				},
				{
					"type": 2,
					"typenum": "53",
					"typemoney": "568303"
				},
				{
					"type": 3,
					"typenum": "707",
					"typemoney": "3000"
				},
				{
					"type": 4,
					"typenum": "49881",
					"typemoney": "200"
				},
				{
					"type": 5,
					"typenum": "1105323",
					"typemoney": "10"
				},
				{
					"type": 6,
					"typenum": "5849766",
					"typemoney": "5"
				},
				{
					"type": 7,
					"typenum": "",
					"typemoney": ""
				}
			]
		},
		{
			"name": "双色球",
			"code": "2020051",
			"detailsLink": "/c/2020-06-16/469859.shtml",
			"videoLink": "/c/2020-06-16/469858.shtml",
			"date": "2020-06-16(二)",
			"week": "二",
			"red": "03,06,08,11,19,28",
			"blue": "08",
			"blue2": "",
			"sales": "342968302",
			"poolmoney": "1014976572",
			"content": "山西1注,内蒙古1注,辽宁5注,黑龙江1注,上海1注,江苏1注,浙江1注,江西1注,山东1注,湖南3注,广东1注,广西3注,陕西1注,宁夏1注,新疆1注,共23注。",
			"addmoney": "",
			"addmoney2": "",
			"msg": "",
			"z2add": "",
			"m2add": "",
			"prizegrades": [
				{
					"type": 1,
					"typenum": "23",
					"typemoney": "5442583"
				},
				{
					"type": 2,
					"typenum": "268",
					"typemoney": "47478"
				},
				{
					"type": 3,
					"typenum": "3689",
					"typemoney": "3000"
				},
				{
					"type": 4,
					"typenum": "146306",
					"typemoney": "200"
				},
				{
					"type": 5,
					"typenum": "2075975",
					"typemoney": "10"
				},
				{
					"type": 6,
					"typenum": "11213884",
					"typemoney": "5"
				},
				{
					"type": 7,
					"typenum": "",
					"typemoney": ""
				}
			]
		},
		{
			"name": "双色球",
			"code": "2020050",
			"detailsLink": "/c/2020-06-14/469749.shtml",
			"videoLink": "/c/2020-06-14/469748.shtml",
			"date": "2020-06-14(日)",
			"week": "日",
			"red": "04,09,17,20,32,33",
			"blue": "15",
			"blue2": "",
			"sales": "379409292",
			"poolmoney": "1101983169",
			"content": "山东1注,广西1注,海南1注,四川1注,陕西1注,共5注。",
			"addmoney": "",
			"addmoney2": "",
			"msg": "",
			"z2add": "",
			"m2add": "",
			"prizegrades": [
				{
					"type": 1,
					"typenum": "5",
					"typemoney": "9664099"
				},
				{
					"type": 2,
					"typenum": "90",
					"typemoney": "323895"
				},
				{
					"type": 3,
					"typenum": "1305",
					"typemoney": "3000"
				},
				{
					"type": 4,
					"typenum": "61232",
					"typemoney": "200"
				},
				{
					"type": 5,
					"typenum": "1226803",
					"typemoney": "10"
				},
				{
					"type": 6,
					"typenum": "8175729",
					"typemoney": "5"
				},
				{
					"type": 7,
					"typenum": "",
					"typemoney": ""
				}
			]
		},
		{
			"name": "双色球",
			"code": "2020049",
			"detailsLink": "/c/2020-06-11/469636.shtml",
			"videoLink": "/c/2020-06-11/469635.shtml",
			"date": "2020-06-11(四)",
			"week": "四",
			"red": "01,07,09,12,18,22",
			"blue": "04",
			"blue2": "",
			"sales": "355402476",
			"poolmoney": "1062851807",
			"content": "河北1注,内蒙古1注,浙江1注,安徽1注,河南2注,陕西1注,共7注。",
			"addmoney": "",
			"addmoney2": "",
			"msg": "",
			"z2add": "",
			"m2add": "",
			"prizegrades": [
				{
					"type": 1,
					"typenum": "7",
					"typemoney": "7652110"
				},
				{
					"type": 2,
					"typenum": "140",
					"typemoney": "165756"
				},
				{
					"type": 3,
					"typenum": "1720",
					"typemoney": "3000"
				},
				{
					"type": 4,
					"typenum": "79481",
					"typemoney": "200"
				},
				{
					"type": 5,
					"typenum": "1438014",
					"typemoney": "10"
				},
				{
					"type": 6,
					"typenum": "9177399",
					"typemoney": "5"
				},
				{
					"type": 7,
					"typenum": "",
					"typemoney": ""
				}
			]
		},
		{
			"name": "双色球",
			"code": "2020048",
			"detailsLink": "/c/2020-06-09/469526.shtml",
			"videoLink": "/c/2020-06-09/469525.shtml",
			"date": "2020-06-09(二)",
			"week": "二",
			"red": "12,14,18,23,30,32",
			"blue": "02",
			"blue2": "",
			"sales": "351604616",
			"poolmoney": "1046798674",
			"content": "河北1注,上海2注,福建1注,四川1注,云南1注,共6注。",
			"addmoney": "",
			"addmoney2": "",
			"msg": "",
			"z2add": "",
			"m2add": "",
			"prizegrades": [
				{
					"type": 1,
					"typenum": "6",
					"typemoney": "8364818"
				},
				{
					"type": 2,
					"typenum": "75",
					"typemoney": "336481"
				},
				{
					"type": 3,
					"typenum": "1020",
					"typemoney": "3000"
				},
				{
					"type": 4,
					"typenum": "57691",
					"typemoney": "200"
				},
				{
					"type": 5,
					"typenum": "1221283",
					"typemoney": "10"
				},
				{
					"type": 6,
					"typenum": "8906134",
					"typemoney": "5"
				},
				{
					"type": 7,
					"typenum": "",
					"typemoney": ""
				}
			]
		},
		{
			"name": "双色球",
			"code": "2020047",
			"detailsLink": "/c/2020-06-07/469316.shtml",
			"videoLink": "/c/2020-06-07/469315.shtml",
			"date": "2020-06-07(日)",
			"week": "日",
			"red": "04,10,17,19,28,32",
			"blue": "01",
			"blue2": "",
			"sales": "382084220",
			"poolmoney": "1021279165",
			"content": "天津1注,山西2注,上海1注,江西1注,山东1注,河南1注,广东2注,四川1注,共10注。",
			"addmoney": "",
			"addmoney2": "",
			"msg": "",
			"z2add": "",
			"m2add": "",
			"prizegrades": [
				{
					"type": 1,
					"typenum": "10",
					"typemoney": "7200661"
				},
				{
					"type": 2,
					"typenum": "140",
					"typemoney": "196487"
				},
				{
					"type": 3,
					"typenum": "1326",
					"typemoney": "3000"
				},
				{
					"type": 4,
					"typenum": "71123",
					"typemoney": "200"
				},
				{
					"type": 5,
					"typenum": "1340383",
					"typemoney": "10"
				},
				{
					"type": 6,
					"typenum": "9116348",
					"typemoney": "5"
				},
				{
					"type": 7,
					"typenum": "",
					"typemoney": ""
				}
			]
		},
		{
			"name": "双色球",
			"code": "2020046",
			"detailsLink": "/c/2020-06-04/469303.shtml",
			"videoLink": "/c/2020-06-04/469302.shtml",
			"date": "2020-06-04(四)",
			"week": "四",
			"red": "13,19,25,26,27,32",
			"blue": "08",
			"blue2": "",
			"sales": "350122868",
			"poolmoney": "1010760962",
			"content": "山西1注,上海1注,江苏1注,浙江1注,安徽1注,江西1注,河南1注,共7注。",
			"addmoney": "",
			"addmoney2": "",
			"msg": "",
			"z2add": "",
			"m2add": "",
			"prizegrades": [
				{
					"type": 1,
					"typenum": "7",
					"typemoney": "6855509"
				},
				{
					"type": 2,
					"typenum": "87",
					"typemoney": "186617"
				},
				{
					"type": 3,
					"typenum": "1674",
					"typemoney": "3000"
				},
				{
					"type": 4,
					"typenum": "82506",
					"typemoney": "200"
				},
				{
					"type": 5,
					"typenum": "1439821",
					"typemoney": "10"
				},
				{
					"type": 6,
					"typenum": "14139193",
					"typemoney": "5"
				},
				{
					"type": 7,
					"typenum": "",
					"typemoney": ""
				}
			]
		},
		{
			"name": "双色球",
			"code": "2020045",
			"detailsLink": "/c/2020-06-02/469193.shtml",
			"videoLink": "/c/2020-06-02/469192.shtml",
			"date": "2020-06-02(二)",
			"week": "二",
			"red": "02,03,15,21,22,33",
			"blue": "16",
			"blue2": "",
			"sales": "348295556",
			"poolmoney": "1010042406",
			"content": "辽宁1注,江苏1注,浙江10注,江西1注,重庆1注,河南1注,云南1注,共16注。",
			"addmoney": "",
			"addmoney2": "",
			"msg": "",
			"z2add": "",
			"m2add": "",
			"prizegrades": [
				{
					"type": 1,
					"typenum": "16",
					"typemoney": "6075531"
				},
				{
					"type": 2,
					"typenum": "115",
					"typemoney": "187048"
				},
				{
					"type": 3,
					"typenum": "1443",
					"typemoney": "3000"
				},
				{
					"type": 4,
					"typenum": "75653",
					"typemoney": "200"
				},
				{
					"type": 5,
					"typenum": "1350994",
					"typemoney": "10"
				},
				{
					"type": 6,
					"typenum": "10330554",
					"typemoney": "5"
				},
				{
					"type": 7,
					"typenum": "",
					"typemoney": ""
				}
			]
		},
		{
			"name": "双色球",
			"code": "2020044",
			"detailsLink": "/c/2020-05-31/469083.shtml",
			"videoLink": "/c/2020-05-31/469082.shtml",
			"date": "2020-05-31(日)",
			"week": "日",
			"red": "07,08,16,17,19,24",
			"blue": "07",
			"blue2": "",
			"sales": "379328476",
			"poolmoney": "1042719025",
			"content": "北京1注,江苏1注,福建2注,江西1注,重庆1注,湖北1注,广东1注,贵州1注,陕西1注,共10注。",
			"addmoney": "",
			"addmoney2": "",
			"msg": "",
			"z2add": "",
			"m2add": "",
			"prizegrades": [
				{
					"type": 1,
					"typenum": "10",
					"typemoney": "6803090"
				},
				{
					"type": 2,
					"typenum": "107",
					"typemoney": "210641"
				},
				{
					"type": 3,
					"typenum": "1863",
					"typemoney": "3000"
				},
				{
					"type": 4,
					"typenum": "92825",
					"typemoney": "200"
				},
				{
					"type": 5,
					"typenum": "1618618",
					"typemoney": "10"
				},
				{
					"type": 6,
					"typenum": "11075249",
					"typemoney": "5"
				},
				{
					"type": 7,
					"typenum": "",
					"typemoney": ""
				}
			]
		},
		{
			"name": "双色球",
			"code": "2020043",
			"detailsLink": "/c/2020-05-28/468870.shtml",
			"videoLink": "/c/2020-05-28/468869.shtml",
			"date": "2020-05-28(四)",
			"week": "四",
			"red": "01,11,24,25,27,30",
			"blue": "07",
			"blue2": "",
			"sales": "360394276",
			"poolmoney": "1043134035",
			"content": "安徽1注,山东1注,广东1注,四川1注,青海1注,共5注。",
			"addmoney": "",
			"addmoney2": "",
			"msg": "",
			"z2add": "",
			"m2add": "",
			"prizegrades": [
				{
					"type": 1,
					"typenum": "5",
					"typemoney": "7928059"
				},
				{
					"type": 2,
					"typenum": "64",
					"typemoney": "285943"
				},
				{
					"type": 3,
					"typenum": "1287",
					"typemoney": "3000"
				},
				{
					"type": 4,
					"typenum": "64469",
					"typemoney": "200"
				},
				{
					"type": 5,
					"typenum": "1232686",
					"typemoney": "10"
				},
				{
					"type": 6,
					"typenum": "14862010",
					"typemoney": "5"
				},
				{
					"type": 7,
					"typenum": "",
					"typemoney": ""
				}
			]
		},
		{
			"name": "双色球",
			"code": "2020042",
			"detailsLink": "/c/2020-05-26/468760.shtml",
			"videoLink": "/c/2020-05-26/468759.shtml",
			"date": "2020-05-26(二)",
			"week": "二",
			"red": "02,06,07,11,14,31",
			"blue": "03",
			"blue2": "",
			"sales": "345472844",
			"poolmoney": "1027873219",
			"content": "内蒙古1注,浙江1注,海南1注,云南1注,深圳1注,共5注。",
			"addmoney": "",
			"addmoney2": "",
			"msg": "",
			"z2add": "",
			"m2add": "",
			"prizegrades": [
				{
					"type": 1,
					"typenum": "5",
					"typemoney": "8415115"
				},
				{
					"type": 2,
					"typenum": "98",
					"typemoney": "217800"
				},
				{
					"type": 3,
					"typenum": "1302",
					"typemoney": "3000"
				},
				{
					"type": 4,
					"typenum": "66541",
					"typemoney": "200"
				},
				{
					"type": 5,
					"typenum": "1258725",
					"typemoney": "10"
				},
				{
					"type": 6,
					"typenum": "10820470",
					"typemoney": "5"
				},
				{
					"type": 7,
					"typenum": "",
					"typemoney": ""
				}
			]
		},
		{
			"name": "双色球",
			"code": "2020041",
			"detailsLink": "/c/2020-05-24/468650.shtml",
			"videoLink": "/c/2020-05-24/468649.shtml",
			"date": "2020-05-24(日)",
			"week": "日",
			"red": "06,07,16,22,24,25",
			"blue": "13",
			"blue2": "",
			"sales": "372422582",
			"poolmoney": "1005915378",
			"content": "辽宁1注,浙江1注,共2注。",
			"addmoney": "",
			"addmoney2": "",
			"msg": "",
			"z2add": "",
			"m2add": "",
			"prizegrades": [
				{
					"type": 1,
					"typenum": "2",
					"typemoney": "10000000"
				},
				{
					"type": 2,
					"typenum": "102",
					"typemoney": "255217"
				},
				{
					"type": 3,
					"typenum": "1347",
					"typemoney": "3000"
				},
				{
					"type": 4,
					"typenum": "65436",
					"typemoney": "200"
				},
				{
					"type": 5,
					"typenum": "1239183",
					"typemoney": "10"
				},
				{
					"type": 6,
					"typenum": "9767677",
					"typemoney": "5"
				},
				{
					"type": 7,
					"typenum": "",
					"typemoney": ""
				}
			]
		},
		{
			"name": "双色球",
			"code": "2020040",
			"detailsLink": "/c/2020-05-21/468637.shtml",
			"videoLink": "/c/2020-05-21/468636.shtml",
			"date": "2020-05-21(四)",
			"week": "四",
			"red": "01,06,12,16,19,21",
			"blue": "04",
			"blue2": "",
			"sales": "341533118",
			"poolmoney": "947818891",
			"content": "上海2注,浙江1注,河南1注,新疆1注,共5注。",
			"addmoney": "",
			"addmoney2": "",
			"msg": "",
			"z2add": "",
			"m2add": "",
			"prizegrades": [
				{
					"type": 1,
					"typenum": "5",
					"typemoney": "8416563"
				},
				{
					"type": 2,
					"typenum": "92",
					"typemoney": "232103"
				},
				{
					"type": 3,
					"typenum": "1462",
					"typemoney": "3000"
				},
				{
					"type": 4,
					"typenum": "62512",
					"typemoney": "200"
				},
				{
					"type": 5,
					"typenum": "1172655",
					"typemoney": "10"
				},
				{
					"type": 6,
					"typenum": "10664440",
					"typemoney": "5"
				},
				{
					"type": 7,
					"typenum": "",
					"typemoney": ""
				}
			]
		},
		{
			"name": "双色球",
			"code": "2020039",
			"detailsLink": "/c/2020-05-19/468527.shtml",
			"videoLink": "/c/2020-05-19/468526.shtml",
			"date": "2020-05-19(二)",
			"week": "二",
			"red": "02,09,10,11,16,29",
			"blue": "02",
			"blue2": "",
			"sales": "341609556",
			"poolmoney": "925841149",
			"content": "河北1注,江苏1注,福建1注,江西2注,湖南1注,海南1注,云南1注,新疆1注,共9注。",
			"addmoney": "",
			"addmoney2": "",
			"msg": "",
			"z2add": "",
			"m2add": "",
			"prizegrades": [
				{
					"type": 1,
					"typenum": "9",
					"typemoney": "6952125"
				},
				{
					"type": 2,
					"typenum": "166",
					"typemoney": "132297"
				},
				{
					"type": 3,
					"typenum": "1872",
					"typemoney": "3000"
				},
				{
					"type": 4,
					"typenum": "82590",
					"typemoney": "200"
				},
				{
					"type": 5,
					"typenum": "1424993",
					"typemoney": "10"
				},
				{
					"type": 6,
					"typenum": "8631819",
					"typemoney": "5"
				},
				{
					"type": 7,
					"typenum": "",
					"typemoney": ""
				}
			]
		},
		{
			"name": "双色球",
			"code": "2020038",
			"detailsLink": "/c/2020-05-17/468317.shtml",
			"videoLink": "/c/2020-05-17/468316.shtml",
			"date": "2020-05-17(日)",
			"week": "日",
			"red": "01,06,07,18,23,24",
			"blue": "15",
			"blue2": "",
			"sales": "374760420",
			"poolmoney": "922526038",
			"content": "河北1注,上海2注,江苏1注,浙江3注,江西1注,山东1注,重庆1注,湖南1注,广东1注,四川1注,贵州2注,共15注。",
			"addmoney": "",
			"addmoney2": "",
			"msg": "",
			"z2add": "",
			"m2add": "",
			"prizegrades": [
				{
					"type": 1,
					"typenum": "15",
					"typemoney": "6276646"
				},
				{
					"type": 2,
					"typenum": "317",
					"typemoney": "75511"
				},
				{
					"type": 3,
					"typenum": "2605",
					"typemoney": "3000"
				},
				{
					"type": 4,
					"typenum": "108654",
					"typemoney": "200"
				},
				{
					"type": 5,
					"typenum": "1687254",
					"typemoney": "10"
				},
				{
					"type": 6,
					"typenum": "8293150",
					"typemoney": "5"
				},
				{
					"type": 7,
					"typenum": "",
					"typemoney": ""
				}
			]
		},
		{
			"name": "双色球",
			"code": "2020037",
			"detailsLink": "/c/2020-05-14/468204.shtml",
			"videoLink": "/c/2020-05-14/468203.shtml",
			"date": "2020-05-14(四)",
			"week": "四",
			"red": "01,04,11,13,17,24",
			"blue": "15",
			"blue2": "",
			"sales": "350126486",
			"poolmoney": "944864355",
			"content": "辽宁1注,黑龙江1注,江西1注,湖南1注,甘肃1注,新疆1注,共6注。",
			"addmoney": "",
			"addmoney2": "",
			"msg": "",
			"z2add": "",
			"m2add": "",
			"prizegrades": [
				{
					"type": 1,
					"typenum": "6",
					"typemoney": "6810277"
				},
				{
					"type": 2,
					"typenum": "65",
					"typemoney": "208878"
				},
				{
					"type": 3,
					"typenum": "1804",
					"typemoney": "3000"
				},
				{
					"type": 4,
					"typenum": "90393",
					"typemoney": "200"
				},
				{
					"type": 5,
					"typenum": "1553187",
					"typemoney": "10"
				},
				{
					"type": 6,
					"typenum": "15646239",
					"typemoney": "5"
				},
				{
					"type": 7,
					"typenum": "",
					"typemoney": ""
				}
			]
		},
		{
			"name": "双色球",
			"code": "2020036",
			"detailsLink": "/c/2020-05-12/467794.shtml",
			"videoLink": "/c/2020-05-12/467793.shtml",
			"date": "2020-05-12(二)",
			"week": "二",
			"red": "07,09,16,22,24,32",
			"blue": "06",
			"blue2": "",
			"sales": "346455736",
			"poolmoney": "944994783",
			"content": "辽宁1注,河南1注,广西1注,共3注。",
			"addmoney": "",
			"addmoney2": "",
			"msg": "",
			"z2add": "",
			"m2add": "",
			"prizegrades": [
				{
					"type": 1,
					"typenum": "3",
					"typemoney": "10000000"
				},
				{
					"type": 2,
					"typenum": "104",
					"typemoney": "204187"
				},
				{
					"type": 3,
					"typenum": "1512",
					"typemoney": "3000"
				},
				{
					"type": 4,
					"typenum": "66818",
					"typemoney": "200"
				},
				{
					"type": 5,
					"typenum": "1233642",
					"typemoney": "10"
				},
				{
					"type": 6,
					"typenum": "10917078",
					"typemoney": "5"
				},
				{
					"type": 7,
					"typenum": "",
					"typemoney": ""
				}
			]
		},
		{
			"name": "双色球",
			"code": "2020035",
			"detailsLink": "/c/2020-05-10/467584.shtml",
			"videoLink": "/c/2020-05-10/467583.shtml",
			"date": "2020-05-10(日)",
			"week": "日",
			"red": "10,14,24,25,28,33",
			"blue": "11",
			"blue2": "",
			"sales": "371811232",
			"poolmoney": "911288358",
			"content": "浙江1注,安徽1注,湖北1注,广东1注,共4注。",
			"addmoney": "",
			"addmoney2": "",
			"msg": "",
			"z2add": "",
			"m2add": "",
			"prizegrades": [
				{
					"type": 1,
					"typenum": "4",
					"typemoney": "9777104"
				},
				{
					"type": 2,
					"typenum": "97",
					"typemoney": "246242"
				},
				{
					"type": 3,
					"typenum": "1144",
					"typemoney": "3000"
				},
				{
					"type": 4,
					"typenum": "63216",
					"typemoney": "200"
				},
				{
					"type": 5,
					"typenum": "1222131",
					"typemoney": "10"
				},
				{
					"type": 6,
					"typenum": "11669779",
					"typemoney": "5"
				},
				{
					"type": 7,
					"typenum": "",
					"typemoney": ""
				}
			]
		},
		{
			"name": "双色球",
			"code": "2020034",
			"detailsLink": "/c/2020-05-07/467571.shtml",
			"videoLink": "/c/2020-05-07/467570.shtml",
			"date": "2020-05-07(四)",
			"week": "四",
			"red": "02,08,15,16,26,32",
			"blue": "03",
			"blue2": "",
			"sales": "340793680",
			"poolmoney": "878740204",
			"content": "天津1注,河北1注,江苏2注,浙江2注,安徽1注,河南1注,湖北1注,四川1注,贵州1注,共11注。",
			"addmoney": "",
			"addmoney2": "",
			"msg": "",
			"z2add": "",
			"m2add": "",
			"prizegrades": [
				{
					"type": 1,
					"typenum": "11",
					"typemoney": "6780706"
				},
				{
					"type": 2,
					"typenum": "182",
					"typemoney": "134531"
				},
				{
					"type": 3,
					"typenum": "1906",
					"typemoney": "3000"
				},
				{
					"type": 4,
					"typenum": "62357",
					"typemoney": "200"
				},
				{
					"type": 5,
					"typenum": "1093267",
					"typemoney": "10"
				},
				{
					"type": 6,
					"typenum": "7985600",
					"typemoney": "5"
				},
				{
					"type": 7,
					"typenum": "",
					"typemoney": ""
				}
			]
		},
		{
			"name": "双色球",
			"code": "2020033",
			"detailsLink": "/c/2020-05-05/467461.shtml",
			"videoLink": "/c/2020-05-05/467460.shtml",
			"date": "2020-05-05(二)",
			"week": "二",
			"red": "07,10,12,21,31,32",
			"blue": "01",
			"blue2": "",
			"sales": "320555362",
			"poolmoney": "879873846",
			"content": "江苏4注,共4注。",
			"addmoney": "",
			"addmoney2": "",
			"msg": "",
			"z2add": "",
			"m2add": "",
			"prizegrades": [
				{
					"type": 1,
					"typenum": "4",
					"typemoney": "10000000"
				},
				{
					"type": 2,
					"typenum": "97",
					"typemoney": "263480"
				},
				{
					"type": 3,
					"typenum": "753",
					"typemoney": "3000"
				},
				{
					"type": 4,
					"typenum": "49189",
					"typemoney": "200"
				},
				{
					"type": 5,
					"typenum": "1029633",
					"typemoney": "10"
				},
				{
					"type": 6,
					"typenum": "6489690",
					"typemoney": "5"
				},
				{
					"type": 7,
					"typenum": "",
					"typemoney": ""
				}
			]
		},
		{
			"name": "双色球",
			"code": "2020032",
			"detailsLink": "/c/2020-05-03/467451.shtml",
			"videoLink": "/c/2020-05-03/467450.shtml",
			"date": "2020-05-03(日)",
			"week": "日",
			"red": "03,11,13,14,15,26",
			"blue": "13",
			"blue2": "",
			"sales": "338904002",
			"poolmoney": "843200936",
			"content": "河北1注,辽宁1注,湖南1注,广东1注,广西1注,四川3注,云南1注,新疆2注,共11注。",
			"addmoney": "",
			"addmoney2": "",
			"msg": "",
			"z2add": "",
			"m2add": "",
			"prizegrades": [
				{
					"type": 1,
					"typenum": "11",
					"typemoney": "6588951"
				},
				{
					"type": 2,
					"typenum": "135",
					"typemoney": "161837"
				},
				{
					"type": 3,
					"typenum": "1606",
					"typemoney": "3000"
				},
				{
					"type": 4,
					"typenum": "79333",
					"typemoney": "200"
				},
				{
					"type": 5,
					"typenum": "1458725",
					"typemoney": "10"
				},
				{
					"type": 6,
					"typenum": "8679754",
					"typemoney": "5"
				},
				{
					"type": 7,
					"typenum": "",
					"typemoney": ""
				}
			]
		},
		{
			"name": "双色球",
			"code": "2020031",
			"detailsLink": "/c/2020-04-30/467338.shtml",
			"videoLink": "/c/2020-04-30/467337.shtml",
			"date": "2020-04-30(四)",
			"week": "四",
			"red": "02,05,09,15,16,27",
			"blue": "09",
			"blue2": "",
			"sales": "323903392",
			"poolmoney": "850135149",
			"content": "河北1注,黑龙江1注,江苏1注,浙江2注,湖北2注,湖南2注,四川3注,陕西2注,共14注。",
			"addmoney": "",
			"addmoney2": "",
			"msg": "",
			"z2add": "",
			"m2add": "",
			"prizegrades": [
				{
					"type": 1,
					"typenum": "14",
					"typemoney": "5603722"
				},
				{
					"type": 2,
					"typenum": "310",
					"typemoney": "34081"
				},
				{
					"type": 3,
					"typenum": "3568",
					"typemoney": "3000"
				},
				{
					"type": 4,
					"typenum": "140308",
					"typemoney": "200"
				},
				{
					"type": 5,
					"typenum": "1985178",
					"typemoney": "10"
				},
				{
					"type": 6,
					"typenum": "11566940",
					"typemoney": "5"
				},
				{
					"type": 7,
					"typenum": "",
					"typemoney": ""
				}
			]
		},
		{
			"name": "双色球",
			"code": "2020030",
			"detailsLink": "/c/2020-04-28/467228.shtml",
			"videoLink": "/c/2020-04-28/467227.shtml",
			"date": "2020-04-28(二)",
			"week": "二",
			"red": "17,18,21,29,30,32",
			"blue": "03",
			"blue2": "",
			"sales": "327786632",
			"poolmoney": "896891829",
			"content": "湖南1注,共1注。",
			"addmoney": "",
			"addmoney2": "",
			"msg": "",
			"z2add": "",
			"m2add": "",
			"prizegrades": [
				{
					"type": 1,
					"typenum": "1",
					"typemoney": "10000000"
				},
				{
					"type": 2,
					"typenum": "74",
					"typemoney": "322591"
				},
				{
					"type": 3,
					"typenum": "894",
					"typemoney": "3000"
				},
				{
					"type": 4,
					"typenum": "44840",
					"typemoney": "200"
				},
				{
					"type": 5,
					"typenum": "944906",
					"typemoney": "10"
				},
				{
					"type": 6,
					"typenum": "8805838",
					"typemoney": "5"
				},
				{
					"type": 7,
					"typenum": "",
					"typemoney": ""
				}
			]
		},
		{
			"name": "双色球",
			"code": "2020029",
			"detailsLink": "/c/2020-04-26/467218.shtml",
			"videoLink": "/c/2020-04-26/467217.shtml",
			"date": "2020-04-26(日)",
			"week": "日",
			"red": "01,12,18,20,30,32",
			"blue": "05",
			"blue2": "",
			"sales": "364268814",
			"poolmoney": "835276431",
			"content": "山西1注,上海5注,湖南1注,共7注。",
			"addmoney": "",
			"addmoney2": "",
			"msg": "",
			"z2add": "",
			"m2add": "",
			"prizegrades": [
				{
					"type": 1,
					"typenum": "7",
					"typemoney": "7432574"
				},
				{
					"type": 2,
					"typenum": "63",
					"typemoney": "337857"
				},
				{
					"type": 3,
					"typenum": "983",
					"typemoney": "3000"
				},
				{
					"type": 4,
					"typenum": "56195",
					"typemoney": "200"
				},
				{
					"type": 5,
					"typenum": "1103123",
					"typemoney": "10"
				},
				{
					"type": 6,
					"typenum": "13626479",
					"typemoney": "5"
				},
				{
					"type": 7,
					"typenum": "",
					"typemoney": ""
				}
			]
		},
		{
			"name": "双色球",
			"code": "2020028",
			"detailsLink": "/c/2020-04-23/467005.shtml",
			"videoLink": "/c/2020-04-23/467004.shtml",
			"date": "2020-04-23(四)",
			"week": "四",
			"red": "05,06,15,18,26,32",
			"blue": "08",
			"blue2": "",
			"sales": "323795596",
			"poolmoney": "823449380",
			"content": "浙江1注,安徽1注,山东1注,湖南1注,广东2注,贵州1注,共7注。",
			"addmoney": "",
			"addmoney2": "",
			"msg": "",
			"z2add": "",
			"m2add": "",
			"prizegrades": [
				{
					"type": 1,
					"typenum": "7",
					"typemoney": "7465464"
				},
				{
					"type": 2,
					"typenum": "153",
					"typemoney": "140998"
				},
				{
					"type": 3,
					"typenum": "1247",
					"typemoney": "3000"
				},
				{
					"type": 4,
					"typenum": "77287",
					"typemoney": "200"
				},
				{
					"type": 5,
					"typenum": "1398236",
					"typemoney": "10"
				},
				{
					"type": 6,
					"typenum": "7837568",
					"typemoney": "5"
				},
				{
					"type": 7,
					"typenum": "",
					"typemoney": ""
				}
			]
		},
		{
			"name": "双色球",
			"code": "2020027",
			"detailsLink": "/c/2020-04-21/466995.shtml",
			"videoLink": "/c/2020-04-21/466994.shtml",
			"date": "2020-04-21(二)",
			"week": "二",
			"red": "12,13,14,24,25,28",
			"blue": "06",
			"blue2": "",
			"sales": "324196702",
			"poolmoney": "810989197",
			"content": "河北1注,吉林1注,安徽1注,共3注。",
			"addmoney": "",
			"addmoney2": "",
			"msg": "",
			"z2add": "",
			"m2add": "",
			"prizegrades": [
				{
					"type": 1,
					"typenum": "3",
					"typemoney": "10000000"
				},
				{
					"type": 2,
					"typenum": "112",
					"typemoney": "211713"
				},
				{
					"type": 3,
					"typenum": "925",
					"typemoney": "3000"
				},
				{
					"type": 4,
					"typenum": "54737",
					"typemoney": "200"
				},
				{
					"type": 5,
					"typenum": "1093772",
					"typemoney": "10"
				},
				{
					"type": 6,
					"typenum": "7869705",
					"typemoney": "5"
				},
				{
					"type": 7,
					"typenum": "",
					"typemoney": ""
				}
			]
		},
		{
			"name": "双色球",
			"code": "2020026",
			"detailsLink": "/c/2020-04-19/466885.shtml",
			"videoLink": "/c/2020-04-19/466884.shtml",
			"date": "2020-04-19(日)",
			"week": "日",
			"red": "01,04,09,18,19,31",
			"blue": "06",
			"blue2": "",
			"sales": "349633986",
			"poolmoney": "769853394",
			"content": "安徽1注,福建1注,陕西1注,共3注。",
			"addmoney": "",
			"addmoney2": "",
			"msg": "",
			"z2add": "",
			"m2add": "",
			"prizegrades": [
				{
					"type": 1,
					"typenum": "3",
					"typemoney": "10000000"
				},
				{
					"type": 2,
					"typenum": "106",
					"typemoney": "181297"
				},
				{
					"type": 3,
					"typenum": "1637",
					"typemoney": "3000"
				},
				{
					"type": 4,
					"typenum": "82288",
					"typemoney": "200"
				},
				{
					"type": 5,
					"typenum": "1413264",
					"typemoney": "10"
				},
				{
					"type": 6,
					"typenum": "11789854",
					"typemoney": "5"
				},
				{
					"type": 7,
					"typenum": "",
					"typemoney": ""
				}
			]
		},
		{
			"name": "双色球",
			"code": "2020025",
			"detailsLink": "/c/2020-04-16/466771.shtml",
			"videoLink": "/c/2020-04-16/466772.shtml",
			"date": "2020-04-16(四)",
			"week": "四",
			"red": "01,09,10,15,20,29",
			"blue": "02",
			"blue2": "",
			"sales": "321611812",
			"poolmoney": "742200788",
			"content": "内蒙古1注,山东1注,湖南2注,共4注。",
			"addmoney": "",
			"addmoney2": "",
			"msg": "",
			"z2add": "",
			"m2add": "",
			"prizegrades": [
				{
					"type": 1,
					"typenum": "4",
					"typemoney": "9977229"
				},
				{
					"type": 2,
					"typenum": "156",
					"typemoney": "159526"
				},
				{
					"type": 3,
					"typenum": "1019",
					"typemoney": "3000"
				},
				{
					"type": 4,
					"typenum": "59218",
					"typemoney": "200"
				},
				{
					"type": 5,
					"typenum": "1113338",
					"typemoney": "10"
				},
				{
					"type": 6,
					"typenum": "6402243",
					"typemoney": "5"
				},
				{
					"type": 7,
					"typenum": "",
					"typemoney": ""
				}
			]
		},
		{
			"name": "双色球",
			"code": "2020024",
			"detailsLink": "/c/2020-04-14/466662.shtml",
			"videoLink": "/c/2020-04-14/466661.shtml",
			"date": "2020-04-14(二)",
			"week": "二",
			"red": "10,13,27,28,29,31",
			"blue": "08",
			"blue2": "",
			"sales": "317568426",
			"poolmoney": "707451262",
			"content": "山西5注,山东1注,重庆1注,湖北1注,共8注。",
			"addmoney": "",
			"addmoney2": "",
			"msg": "",
			"z2add": "",
			"m2add": "",
			"prizegrades": [
				{
					"type": 1,
					"typenum": "8",
					"typemoney": "7028971"
				},
				{
					"type": 2,
					"typenum": "94",
					"typemoney": "215848"
				},
				{
					"type": 3,
					"typenum": "1242",
					"typemoney": "3000"
				},
				{
					"type": 4,
					"typenum": "57338",
					"typemoney": "200"
				},
				{
					"type": 5,
					"typenum": "1048812",
					"typemoney": "10"
				},
				{
					"type": 6,
					"typenum": "9753591",
					"typemoney": "5"
				},
				{
					"type": 7,
					"typenum": "",
					"typemoney": ""
				}
			]
		},
		{
			"name": "双色球",
			"code": "2020023",
			"detailsLink": "/c/2020-04-12/466652.shtml",
			"videoLink": "/c/2020-04-12/466651.shtml",
			"date": "2020-04-12(日)",
			"week": "日",
			"red": "04,05,20,21,30,33",
			"blue": "08",
			"blue2": "",
			"sales": "340318270",
			"poolmoney": "702813893",
			"content": "江苏1注,浙江1注,安徽1注,广东1注,贵州1注,陕西1注,共6注。",
			"addmoney": "",
			"addmoney2": "",
			"msg": "",
			"z2add": "",
			"m2add": "",
			"prizegrades": [
				{
					"type": 1,
					"typenum": "6",
					"typemoney": "7277843"
				},
				{
					"type": 2,
					"typenum": "107",
					"typemoney": "159661"
				},
				{
					"type": 3,
					"typenum": "1196",
					"typemoney": "3000"
				},
				{
					"type": 4,
					"typenum": "68575",
					"typemoney": "200"
				},
				{
					"type": 5,
					"typenum": "1249075",
					"typemoney": "10"
				},
				{
					"type": 6,
					"typenum": "13725381",
					"typemoney": "5"
				},
				{
					"type": 7,
					"typenum": "",
					"typemoney": ""
				}
			]
		},
		{
			"name": "双色球",
			"code": "2020022",
			"detailsLink": "/c/2020-04-09/466539.shtml",
			"videoLink": "/c/2020-04-09/466538.shtml",
			"date": "2020-04-09(四)",
			"week": "四",
			"red": "02,10,20,22,25,30",
			"blue": "02",
			"blue2": "",
			"sales": "311416184",
			"poolmoney": "695229480",
			"content": "内蒙古2注,辽宁1注,江苏2注,安徽1注,山东1注,广西1注,共8注。",
			"addmoney": "",
			"addmoney2": "",
			"msg": "",
			"z2add": "",
			"m2add": "",
			"prizegrades": [
				{
					"type": 1,
					"typenum": "8",
					"typemoney": "6761570"
				},
				{
					"type": 2,
					"typenum": "97",
					"typemoney": "181605"
				},
				{
					"type": 3,
					"typenum": "2094",
					"typemoney": "3000"
				},
				{
					"type": 4,
					"typenum": "72617",
					"typemoney": "200"
				},
				{
					"type": 5,
					"typenum": "1273655",
					"typemoney": "10"
				},
				{
					"type": 6,
					"typenum": "9717835",
					"typemoney": "5"
				},
				{
					"type": 7,
					"typenum": "",
					"typemoney": ""
				}
			]
		},
		{
			"name": "双色球",
			"code": "2020021",
			"detailsLink": "/c/2020-04-07/466429.shtml",
			"videoLink": "/c/2020-04-07/466428.shtml",
			"date": "2020-04-07(二)",
			"week": "二",
			"red": "02,06,14,16,27,31",
			"blue": "07",
			"blue2": "",
			"sales": "296655800",
			"poolmoney": "696474938",
			"content": "上海1注,福建1注,山东2注,广西1注,共5注。",
			"addmoney": "",
			"addmoney2": "",
			"msg": "",
			"z2add": "",
			"m2add": "",
			"prizegrades": [
				{
					"type": 1,
					"typenum": "5",
					"typemoney": "7581452"
				},
				{
					"type": 2,
					"typenum": "116",
					"typemoney": "139086"
				},
				{
					"type": 3,
					"typenum": "1546",
					"typemoney": "3000"
				},
				{
					"type": 4,
					"typenum": "70738",
					"typemoney": "200"
				},
				{
					"type": 5,
					"typenum": "1184858",
					"typemoney": "10"
				},
				{
					"type": 6,
					"typenum": "10038171",
					"typemoney": "5"
				},
				{
					"type": 7,
					"typenum": "",
					"typemoney": ""
				}
			]
		},
		{
			"name": "双色球",
			"code": "2020020",
			"detailsLink": "/c/2020-04-05/466419.shtml",
			"videoLink": "/c/2020-04-05/466418.shtml",
			"date": "2020-04-05(日)",
			"week": "日",
			"red": "01,06,09,13,15,22",
			"blue": "14",
			"blue2": "",
			"sales": "310764432",
			"poolmoney": "685979970",
			"content": "江苏1注,福建1注,广东1注,贵州1注,共4注。",
			"addmoney": "",
			"addmoney2": "",
			"msg": "",
			"z2add": "",
			"m2add": "",
			"prizegrades": [
				{
					"type": 1,
					"typenum": "4",
					"typemoney": "9871526"
				},
				{
					"type": 2,
					"typenum": "91",
					"typemoney": "267666"
				},
				{
					"type": 3,
					"typenum": "762",
					"typemoney": "3000"
				},
				{
					"type": 4,
					"typenum": "48639",
					"typemoney": "200"
				},
				{
					"type": 5,
					"typenum": "1054084",
					"typemoney": "10"
				},
				{
					"type": 6,
					"typenum": "6457880",
					"typemoney": "5"
				},
				{
					"type": 7,
					"typenum": "",
					"typemoney": ""
				}
			]
		},
		{
			"name": "双色球",
			"code": "2020019",
			"detailsLink": "/c/2020-04-02/466306.shtml",
			"videoLink": "/c/2020-04-02/466305.shtml",
			"date": "2020-04-02(四)",
			"week": "四",
			"red": "15,19,27,28,30,33",
			"blue": "03",
			"blue2": "",
			"sales": "293920314",
			"poolmoney": "652393178",
			"content": "河北2注,山西1注,辽宁1注,浙江1注,江西1注,广东1注,共7注。",
			"addmoney": "",
			"addmoney2": "",
			"msg": "",
			"z2add": "",
			"m2add": "",
			"prizegrades": [
				{
					"type": 1,
					"typenum": "7",
					"typemoney": "7437091"
				},
				{
					"type": 2,
					"typenum": "60",
					"typemoney": "355409"
				},
				{
					"type": 3,
					"typenum": "742",
					"typemoney": "3000"
				},
				{
					"type": 4,
					"typenum": "42028",
					"typemoney": "200"
				},
				{
					"type": 5,
					"typenum": "875131",
					"typemoney": "10"
				},
				{
					"type": 6,
					"typenum": "7867970",
					"typemoney": "5"
				},
				{
					"type": 7,
					"typenum": "",
					"typemoney": ""
				}
			]
		},
		{
			"name": "双色球",
			"code": "2020018",
			"detailsLink": "/c/2020-03-31/466196.shtml",
			"videoLink": "/c/2020-03-31/466195.shtml",
			"date": "2020-03-31(二)",
			"week": "二",
			"red": "05,07,08,11,17,22",
			"blue": "13",
			"blue2": "",
			"sales": "287194532",
			"poolmoney": "640479172",
			"content": "辽宁2注,黑龙江1注,上海1注,江苏2注,山东1注,陕西1注,共8注。",
			"addmoney": "",
			"addmoney2": "",
			"msg": "",
			"z2add": "",
			"m2add": "",
			"prizegrades": [
				{
					"type": 1,
					"typenum": "8",
					"typemoney": "6340865"
				},
				{
					"type": 2,
					"typenum": "188",
					"typemoney": "71322"
				},
				{
					"type": 3,
					"typenum": "1495",
					"typemoney": "3000"
				},
				{
					"type": 4,
					"typenum": "73756",
					"typemoney": "200"
				},
				{
					"type": 5,
					"typenum": "1291575",
					"typemoney": "10"
				},
				{
					"type": 6,
					"typenum": "10987748",
					"typemoney": "5"
				},
				{
					"type": 7,
					"typenum": "",
					"typemoney": ""
				}
			]
		},
		{
			"name": "双色球",
			"code": "2020017",
			"detailsLink": "/c/2020-03-29/465986.shtml",
			"videoLink": "/c/2020-03-29/465985.shtml",
			"date": "2020-03-29(日)",
			"week": "日",
			"red": "02,04,07,15,20,27",
			"blue": "04",
			"blue2": "",
			"sales": "295712918",
			"poolmoney": "650980126",
			"content": "内蒙古1注,江苏6注,浙江1注,安徽1注,福建2注,山东1注,广东1注,陕西2注,共15注。",
			"addmoney": "",
			"addmoney2": "",
			"msg": "",
			"z2add": "",
			"m2add": "",
			"prizegrades": [
				{
					"type": 1,
					"typenum": "15",
					"typemoney": "5992154"
				},
				{
					"type": 2,
					"typenum": "127",
					"typemoney": "146479"
				},
				{
					"type": 3,
					"typenum": "1420",
					"typemoney": "3000"
				},
				{
					"type": 4,
					"typenum": "66629",
					"typemoney": "200"
				},
				{
					"type": 5,
					"typenum": "1212627",
					"typemoney": "10"
				},
				{
					"type": 6,
					"typenum": "8155131",
					"typemoney": "5"
				},
				{
					"type": 7,
					"typenum": "",
					"typemoney": ""
				}
			]
		},
		{
			"name": "双色球",
			"code": "2020016",
			"detailsLink": "/c/2020-03-26/465973.shtml",
			"videoLink": "/c/2020-03-26/465972.shtml",
			"date": "2020-03-26(四)",
			"week": "四",
			"red": "05,06,08,17,24,27",
			"blue": "07",
			"blue2": "",
			"sales": "260860736",
			"poolmoney": "685053744",
			"content": "辽宁4注,上海1注,江苏1注,福建1注,江西1注,广西3注,海南1注,共12注。",
			"addmoney": "",
			"addmoney2": "",
			"msg": "",
			"z2add": "",
			"m2add": "",
			"prizegrades": [
				{
					"type": 1,
					"typenum": "12",
					"typemoney": "5979822"
				},
				{
					"type": 2,
					"typenum": "89",
					"typemoney": "165138"
				},
				{
					"type": 3,
					"typenum": "1553",
					"typemoney": "3000"
				},
				{
					"type": 4,
					"typenum": "66763",
					"typemoney": "200"
				},
				{
					"type": 5,
					"typenum": "1186152",
					"typemoney": "10"
				},
				{
					"type": 6,
					"typenum": "7831862",
					"typemoney": "5"
				},
				{
					"type": 7,
					"typenum": "",
					"typemoney": ""
				}
			]
		},
		{
			"name": "双色球",
			"code": "2020015",
			"detailsLink": "/c/2020-03-24/465862.shtml",
			"videoLink": "/c/2020-03-24/465863.shtml",
			"date": "2020-03-24(二)",
			"week": "二",
			"red": "08,09,22,24,30,33",
			"blue": "01",
			"blue2": "",
			"sales": "255551054",
			"poolmoney": "712719613",
			"content": "福建1注,共1注。",
			"addmoney": "",
			"addmoney2": "",
			"msg": "",
			"z2add": "",
			"m2add": "",
			"prizegrades": [
				{
					"type": 1,
					"typenum": "1",
					"typemoney": "10000000"
				},
				{
					"type": 2,
					"typenum": "60",
					"typemoney": "337347"
				},
				{
					"type": 3,
					"typenum": "645",
					"typemoney": "3000"
				},
				{
					"type": 4,
					"typenum": "36291",
					"typemoney": "200"
				},
				{
					"type": 5,
					"typenum": "818351",
					"typemoney": "10"
				},
				{
					"type": 6,
					"typenum": "5375991",
					"typemoney": "5"
				},
				{
					"type": 7,
					"typenum": "",
					"typemoney": ""
				}
			]
		},
		{
			"name": "双色球",
			"code": "2020014",
			"detailsLink": "/c/2020-03-22/465753.shtml",
			"videoLink": "/c/2020-03-22/465752.shtml",
			"date": "2020-03-22(日)",
			"week": "日",
			"red": "02,07,08,10,12,16",
			"blue": "07",
			"blue2": "",
			"sales": "261933168",
			"poolmoney": "661997100",
			"content": "内蒙古1注,浙江1注,广东1注,陕西1注,甘肃1注,共5注。",
			"addmoney": "",
			"addmoney2": "",
			"msg": "",
			"z2add": "",
			"m2add": "",
			"prizegrades": [
				{
					"type": 1,
					"typenum": "5",
					"typemoney": "6947355"
				},
				{
					"type": 2,
					"typenum": "66",
					"typemoney": "184408"
				},
				{
					"type": 3,
					"typenum": "1406",
					"typemoney": "3000"
				},
				{
					"type": 4,
					"typenum": "67772",
					"typemoney": "200"
				},
				{
					"type": 5,
					"typenum": "1147920",
					"typemoney": "10"
				},
				{
					"type": 6,
					"typenum": "10082352",
					"typemoney": "5"
				},
				{
					"type": 7,
					"typenum": "",
					"typemoney": ""
				}
			]
		},
		{
			"name": "双色球",
			"code": "2020013",
			"detailsLink": "/c/2020-03-19/465640.shtml",
			"videoLink": "/c/2020-03-19/465639.shtml",
			"date": "2020-03-19(四)",
			"week": "四",
			"red": "02,08,10,20,21,30",
			"blue": "14",
			"blue2": "",
			"sales": "215545590",
			"poolmoney": "660220960",
			"content": "山西1注,辽宁1注,浙江2注,共4注。",
			"addmoney": "",
			"addmoney2": "",
			"msg": "",
			"z2add": "",
			"m2add": "",
			"prizegrades": [
				{
					"type": 1,
					"typenum": "4",
					"typemoney": "7500138"
				},
				{
					"type": 2,
					"typenum": "184",
					"typemoney": "67938"
				},
				{
					"type": 3,
					"typenum": "1393",
					"typemoney": "3000"
				},
				{
					"type": 4,
					"typenum": "65776",
					"typemoney": "200"
				},
				{
					"type": 5,
					"typenum": "1048801",
					"typemoney": "10"
				},
				{
					"type": 6,
					"typenum": "5558473",
					"typemoney": "5"
				},
				{
					"type": 7,
					"typenum": "",
					"typemoney": ""
				}
			]
		},
		{
			"name": "双色球",
			"code": "2020012",
			"detailsLink": "/c/2020-03-17/465530.shtml",
			"videoLink": "/c/2020-03-17/465529.shtml",
			"date": "2020-03-17(二)",
			"week": "二",
			"red": "04,13,14,23,26,31",
			"blue": "09",
			"blue2": "",
			"sales": "198501652",
			"poolmoney": "652719440",
			"content": "江西1注,山东1注,云南1注,共3注。",
			"addmoney": "",
			"addmoney2": "",
			"msg": "",
			"z2add": "",
			"m2add": "",
			"prizegrades": [
				{
					"type": 1,
					"typenum": "3",
					"typemoney": "8598462"
				},
				{
					"type": 2,
					"typenum": "112",
					"typemoney": "120484"
				},
				{
					"type": 3,
					"typenum": "690",
					"typemoney": "3000"
				},
				{
					"type": 4,
					"typenum": "36935",
					"typemoney": "200"
				},
				{
					"type": 5,
					"typenum": "677479",
					"typemoney": "10"
				},
				{
					"type": 6,
					"typenum": "5411415",
					"typemoney": "5"
				},
				{
					"type": 7,
					"typenum": "",
					"typemoney": ""
				}
			]
		},
		{
			"name": "双色球",
			"code": "2020011",
			"detailsLink": "/c/2020-03-15/465320.shtml",
			"videoLink": "/c/2020-03-15/465318.shtml",
			"date": "2020-03-15(日)",
			"week": "日",
			"red": "04,05,07,17,18,29",
			"blue": "01",
			"blue2": "",
			"sales": "176331724",
			"poolmoney": "638032121",
			"content": "上海1注,浙江2注,安徽1注,江西1注,山东1注,广西1注,云南1注,共8注。",
			"addmoney": "",
			"addmoney2": "",
			"msg": "",
			"z2add": "",
			"m2add": "",
			"prizegrades": [
				{
					"type": 1,
					"typenum": "8",
					"typemoney": "6079680"
				},
				{
					"type": 2,
					"typenum": "67",
					"typemoney": "161146"
				},
				{
					"type": 3,
					"typenum": "971",
					"typemoney": "3000"
				},
				{
					"type": 4,
					"typenum": "48228",
					"typemoney": "200"
				},
				{
					"type": 5,
					"typenum": "856470",
					"typemoney": "10"
				},
				{
					"type": 6,
					"typenum": "4418406",
					"typemoney": "5"
				},
				{
					"type": 7,
					"typenum": "",
					"typemoney": ""
				}
			]
		},
		{
			"name": "双色球",
			"code": "2020010",
			"detailsLink": "/c/2020-03-12/465307.shtml",
			"videoLink": "/c/2020-03-12/465306.shtml",
			"date": "2020-03-12(四)",
			"week": "四",
			"red": "11,14,22,27,31,32",
			"blue": "09",
			"blue2": "",
			"sales": "142522854",
			"poolmoney": "654279153",
			"content": "江苏1注,陕西1注,共2注。",
			"addmoney": "",
			"addmoney2": "",
			"msg": "",
			"z2add": "",
			"m2add": "",
			"prizegrades": [
				{
					"type": 1,
					"typenum": "2",
					"typemoney": "8485717"
				},
				{
					"type": 2,
					"typenum": "42",
					"typemoney": "207483"
				},
				{
					"type": 3,
					"typenum": "563",
					"typemoney": "3000"
				},
				{
					"type": 4,
					"typenum": "27557",
					"typemoney": "200"
				},
				{
					"type": 5,
					"typenum": "498088",
					"typemoney": "10"
				},
				{
					"type": 6,
					"typenum": "4559549",
					"typemoney": "5"
				},
				{
					"type": 7,
					"typenum": "",
					"typemoney": ""
				}
			]
		},
		{
			"name": "双色球",
			"code": "2020009",
			"detailsLink": "/c/2020-01-21/462997.shtml",
			"videoLink": "/c/2020-01-21/462996.shtml",
			"date": "2020-01-21(二)",
			"week": "二",
			"red": "03,06,08,14,19,26",
			"blue": "12",
			"blue2": "",
			"sales": "405733380",
			"poolmoney": "645107708",
			"content": "北京6注,辽宁1注,上海1注,江苏2注,山东2注,重庆1注,广东1注,四川2注,共16注。",
			"addmoney": "",
			"addmoney2": "",
			"msg": "",
			"z2add": "",
			"m2add": "",
			"prizegrades": [
				{
					"type": 1,
					"typenum": "16",
					"typemoney": "6003258"
				},
				{
					"type": 2,
					"typenum": "253",
					"typemoney": "79308"
				},
				{
					"type": 3,
					"typenum": "3295",
					"typemoney": "3000"
				},
				{
					"type": 4,
					"typenum": "130201",
					"typemoney": "200"
				},
				{
					"type": 5,
					"typenum": "2055820",
					"typemoney": "10"
				},
				{
					"type": 6,
					"typenum": "12413050",
					"typemoney": "5"
				},
				{
					"type": 7,
					"typenum": "",
					"typemoney": ""
				}
			]
		},
		{
			"name": "双色球",
			"code": "2020008",
			"detailsLink": "/c/2020-01-19/462887.shtml",
			"videoLink": "/c/2020-01-19/462886.shtml",
			"date": "2020-01-19(日)",
			"week": "日",
			"red": "01,04,06,10,11,28",
			"blue": "16",
			"blue2": "",
			"sales": "395048088",
			"poolmoney": "680964320",
			"content": "河北4注,山西1注,辽宁1注,江苏1注,福建2注,山东1注,河南2注,湖南1注,四川1注,贵州1注,新疆2注,共17注。",
			"addmoney": "",
			"addmoney2": "",
			"msg": "",
			"z2add": "",
			"m2add": "",
			"prizegrades": [
				{
					"type": 1,
					"typenum": "17",
					"typemoney": "6202629"
				},
				{
					"type": 2,
					"typenum": "262",
					"typemoney": "97541"
				},
				{
					"type": 3,
					"typenum": "1890",
					"typemoney": "3000"
				},
				{
					"type": 4,
					"typenum": "95019",
					"typemoney": "200"
				},
				{
					"type": 5,
					"typenum": "1668826",
					"typemoney": "10"
				},
				{
					"type": 6,
					"typenum": "9997594",
					"typemoney": "5"
				},
				{
					"type": 7,
					"typenum": "",
					"typemoney": ""
				}
			]
		},
		{
			"name": "双色球",
			"code": "2020007",
			"detailsLink": "/c/2020-01-16/462774.shtml",
			"videoLink": "/c/2020-01-16/462773.shtml",
			"date": "2020-01-16(四)",
			"week": "四",
			"red": "05,12,17,20,25,31",
			"blue": "10",
			"blue2": "",
			"sales": "358035962",
			"poolmoney": "709741377",
			"content": "天津1注,河北1注,吉林1注,上海6注,江苏1注,浙江1注,安徽15注,江西1注,湖北2注,广东1注,广西4注,四川1注,云南1注,深圳2注,共38注。",
			"addmoney": "",
			"addmoney2": "",
			"msg": "",
			"z2add": "",
			"m2add": "",
			"prizegrades": [
				{
					"type": 1,
					"typenum": "38",
					"typemoney": "5371408"
				},
				{
					"type": 2,
					"typenum": "269",
					"typemoney": "65583"
				},
				{
					"type": 3,
					"typenum": "2413",
					"typemoney": "3000"
				},
				{
					"type": 4,
					"typenum": "101233",
					"typemoney": "200"
				},
				{
					"type": 5,
					"typenum": "1615970",
					"typemoney": "10"
				},
				{
					"type": 6,
					"typenum": "12244954",
					"typemoney": "5"
				},
				{
					"type": 7,
					"typenum": "",
					"typemoney": ""
				}
			]
		},
		{
			"name": "双色球",
			"code": "2020006",
			"detailsLink": "/c/2020-01-14/462664.shtml",
			"videoLink": "/c/2020-01-14/462663.shtml",
			"date": "2020-01-14(二)",
			"week": "二",
			"red": "03,04,05,10,16,32",
			"blue": "09",
			"blue2": "",
			"sales": "361697316",
			"poolmoney": "860929224",
			"content": "浙江12注,重庆1注,河南1注,广东1注,广西1注,四川4注,共20注。",
			"addmoney": "",
			"addmoney2": "",
			"msg": "",
			"z2add": "",
			"m2add": "",
			"prizegrades": [
				{
					"type": 1,
					"typenum": "20",
					"typemoney": "5735328"
				},
				{
					"type": 2,
					"typenum": "363",
					"typemoney": "50642"
				},
				{
					"type": 3,
					"typenum": "2293",
					"typemoney": "3000"
				},
				{
					"type": 4,
					"typenum": "91146",
					"typemoney": "200"
				},
				{
					"type": 5,
					"typenum": "1388625",
					"typemoney": "10"
				},
				{
					"type": 6,
					"typenum": "12940873",
					"typemoney": "5"
				},
				{
					"type": 7,
					"typenum": "",
					"typemoney": ""
				}
			]
		},
		{
			"name": "双色球",
			"code": "2020005",
			"detailsLink": "/c/2020-01-12/462554.shtml",
			"videoLink": "/c/2020-01-12/462553.shtml",
			"date": "2020-01-12(日)",
			"week": "日",
			"red": "11,16,17,22,26,32",
			"blue": "04",
			"blue2": "",
			"sales": "400642476",
			"poolmoney": "920486146",
			"content": "河北3注,安徽1注,江西1注,湖北2注,广西1注,共8注。",
			"addmoney": "",
			"addmoney2": "",
			"msg": "",
			"z2add": "",
			"m2add": "",
			"prizegrades": [
				{
					"type": 1,
					"typenum": "8",
					"typemoney": "7446888"
				},
				{
					"type": 2,
					"typenum": "224",
					"typemoney": "109236"
				},
				{
					"type": 3,
					"typenum": "1925",
					"typemoney": "3000"
				},
				{
					"type": 4,
					"typenum": "83358",
					"typemoney": "200"
				},
				{
					"type": 5,
					"typenum": "1406473",
					"typemoney": "10"
				},
				{
					"type": 6,
					"typenum": "12385588",
					"typemoney": "5"
				},
				{
					"type": 7,
					"typenum": "",
					"typemoney": ""
				}
			]
		},
		{
			"name": "双色球",
			"code": "2020004",
			"detailsLink": "/c/2020-01-09/462441.shtml",
			"videoLink": "/c/2020-01-09/462440.shtml",
			"date": "2020-01-09(四)",
			"week": "四",
			"red": "02,15,17,27,32,33",
			"blue": "03",
			"blue2": "",
			"sales": "370826158",
			"poolmoney": "906654598",
			"content": "山西1注,浙江2注,山东1注,广东1注,广西1注,云南1注,共7注。",
			"addmoney": "",
			"addmoney2": "",
			"msg": "",
			"z2add": "",
			"m2add": "",
			"prizegrades": [
				{
					"type": 1,
					"typenum": "7",
					"typemoney": "7900679"
				},
				{
					"type": 2,
					"typenum": "189",
					"typemoney": "134290"
				},
				{
					"type": 3,
					"typenum": "2010",
					"typemoney": "3000"
				},
				{
					"type": 4,
					"typenum": "81474",
					"typemoney": "200"
				},
				{
					"type": 5,
					"typenum": "1347170",
					"typemoney": "10"
				},
				{
					"type": 6,
					"typenum": "8876908",
					"typemoney": "5"
				},
				{
					"type": 7,
					"typenum": "",
					"typemoney": ""
				}
			]
		},
		{
			"name": "双色球",
			"code": "2020003",
			"detailsLink": "/c/2020-01-07/462331.shtml",
			"videoLink": "/c/2020-01-07/462330.shtml",
			"date": "2020-01-07(二)",
			"week": "二",
			"red": "09,17,26,29,30,32",
			"blue": "03",
			"blue2": "",
			"sales": "368960938",
			"poolmoney": "885816521",
			"content": "江苏1注,浙江12注,湖北1注,湖南1注,云南1注,共16注。",
			"addmoney": "",
			"addmoney2": "",
			"msg": "",
			"z2add": "",
			"m2add": "",
			"prizegrades": [
				{
					"type": 1,
					"typenum": "16",
					"typemoney": "6237758"
				},
				{
					"type": 2,
					"typenum": "134",
					"typemoney": "184740"
				},
				{
					"type": 3,
					"typenum": "1708",
					"typemoney": "3000"
				},
				{
					"type": 4,
					"typenum": "73097",
					"typemoney": "200"
				},
				{
					"type": 5,
					"typenum": "1342832",
					"typemoney": "10"
				},
				{
					"type": 6,
					"typenum": "9719687",
					"typemoney": "5"
				},
				{
					"type": 7,
					"typenum": "",
					"typemoney": ""
				}
			]
		},
		{
			"name": "双色球",
			"code": "2020002",
			"detailsLink": "/c/2020-01-05/462221.shtml",
			"videoLink": "/c/2020-01-05/462220.shtml",
			"date": "2020-01-05(日)",
			"week": "日",
			"red": "04,09,14,15,16,29",
			"blue": "11",
			"blue2": "",
			"sales": "410784878",
			"poolmoney": "911355134",
			"content": "北京1注,天津1注,河北1注,山西1注,辽宁1注,江苏1注,安徽1注,山东2注,重庆2注,广东2注,贵州1注,云南2注,共16注。",
			"addmoney": "",
			"addmoney2": "",
			"msg": "",
			"z2add": "",
			"m2add": "",
			"prizegrades": [
				{
					"type": 1,
					"typenum": "16",
					"typemoney": "6188650"
				},
				{
					"type": 2,
					"typenum": "194",
					"typemoney": "122541"
				},
				{
					"type": 3,
					"typenum": "2193",
					"typemoney": "3000"
				},
				{
					"type": 4,
					"typenum": "102658",
					"typemoney": "200"
				},
				{
					"type": 5,
					"typenum": "1708975",
					"typemoney": "10"
				},
				{
					"type": 6,
					"typenum": "12398437",
					"typemoney": "5"
				},
				{
					"type": 7,
					"typenum": "",
					"typemoney": ""
				}
			]
		},
		{
			"name": "双色球",
			"code": "2020001",
			"detailsLink": "/c/2020-01-02/462108.shtml",
			"videoLink": "/c/2020-01-02/462107.shtml",
			"date": "2020-01-02(四)",
			"week": "四",
			"red": "02,15,23,26,29,30",
			"blue": "02",
			"blue2": "",
			"sales": "388311860",
			"poolmoney": "939054504",
			"content": "河南1注,湖北1注,四川2注,共4注。",
			"addmoney": "",
			"addmoney2": "",
			"msg": "",
			"z2add": "",
			"m2add": "",
			"prizegrades": [
				{
					"type": 1,
					"typenum": "4",
					"typemoney": "10000000"
				},
				{
					"type": 2,
					"typenum": "113",
					"typemoney": "275836"
				},
				{
					"type": 3,
					"typenum": "1002",
					"typemoney": "3000"
				},
				{
					"type": 4,
					"typenum": "57520",
					"typemoney": "200"
				},
				{
					"type": 5,
					"typenum": "1191091",
					"typemoney": "10"
				},
				{
					"type": 6,
					"typenum": "7834739",
					"typemoney": "5"
				},
				{
					"type": 7,
					"typenum": "",
					"typemoney": ""
				}
			]
		},
		{
			"name": "双色球",
			"code": "2019151",
			"detailsLink": "/c/2019-12-31/462097.shtml",
			"videoLink": "/c/2019-12-31/462100.shtml",
			"date": "2019-12-31(二)",
			"week": "二",
			"red": "02,06,09,18,24,26",
			"blue": "14",
			"blue2": "",
			"sales": "405999712",
			"poolmoney": "885545850",
			"content": "辽宁1注,吉林1注,福建1注,湖南1注,广西1注,青海1注,深圳2注,共8注。",
			"addmoney": "",
			"addmoney2": "",
			"msg": "",
			"z2add": "",
			"m2add": "",
			"prizegrades": [
				{
					"type": 1,
					"typenum": "8",
					"typemoney": "8200266"
				},
				{
					"type": 2,
					"typenum": "121",
					"typemoney": "264484"
				},
				{
					"type": 3,
					"typenum": "1109",
					"typemoney": "3000"
				},
				{
					"type": 4,
					"typenum": "62784",
					"typemoney": "200"
				},
				{
					"type": 5,
					"typenum": "1318527",
					"typemoney": "10"
				},
				{
					"type": 6,
					"typenum": "8372025",
					"typemoney": "5"
				},
				{
					"type": 7,
					"typenum": "",
					"typemoney": ""
				}
			]
		},
		{
			"name": "双色球",
			"code": "2019150",
			"detailsLink": "/c/2019-12-29/461987.shtml",
			"videoLink": "/c/2019-12-29/461989.shtml",
			"date": "2019-12-29(日)",
			"week": "日",
			"red": "02,09,14,22,27,29",
			"blue": "02",
			"blue2": "",
			"sales": "424037140",
			"poolmoney": "855139985",
			"content": "安徽1注,山东1注,广东1注,陕西1注,深圳5注,共9注。",
			"addmoney": "",
			"addmoney2": "",
			"msg": "",
			"z2add": "",
			"m2add": "",
			"prizegrades": [
				{
					"type": 1,
					"typenum": "9",
					"typemoney": "7571049"
				},
				{
					"type": 2,
					"typenum": "158",
					"typemoney": "183065"
				},
				{
					"type": 3,
					"typenum": "1906",
					"typemoney": "3000"
				},
				{
					"type": 4,
					"typenum": "86310",
					"typemoney": "200"
				},
				{
					"type": 5,
					"typenum": "1544737",
					"typemoney": "10"
				},
				{
					"type": 6,
					"typenum": "10730718",
					"typemoney": "5"
				},
				{
					"type": 7,
					"typenum": "",
					"typemoney": ""
				}
			]
		},
		{
			"name": "双色球",
			"code": "2019149",
			"detailsLink": "/c/2019-12-26/461875.shtml",
			"videoLink": "/c/2019-12-26/461874.shtml",
			"date": "2019-12-26(四)",
			"week": "四",
			"red": "01,06,27,28,31,33",
			"blue": "07",
			"blue2": "",
			"sales": "401837358",
			"poolmoney": "836506504",
			"content": "北京1注,江苏1注,浙江6注,福建1注,湖南1注,广东1注,四川1注,云南1注,陕西2注,深圳1注,共16注。其中一等奖特别奖为：北京1注,云南1注,陕西2注,深圳1注。",
			"addmoney": "",
			"addmoney2": "",
			"msg": "下期一等奖特别奖派奖金额：0元。",
			"z2add": "",
			"m2add": "",
			"prizegrades": [
				{
					"type": 1,
					"typenum": "16",
					"typemoney": "6041786"
				},
				{
					"type": 2,
					"typenum": "120",
					"typemoney": "173631"
				},
				{
					"type": 3,
					"typenum": "1598",
					"typemoney": "3000"
				},
				{
					"type": 4,
					"typenum": "77279",
					"typemoney": "200"
				},
				{
					"type": 5,
					"typenum": "1403798",
					"typemoney": "10"
				},
				{
					"type": 6,
					"typenum": "15853923",
					"typemoney": "5"
				},
				{
					"type": 7,
					"typenum": "",
					"typemoney": ""
				}
			]
		},
		{
			"name": "双色球",
			"code": "2019148",
			"detailsLink": "/c/2019-12-24/461765.shtml",
			"videoLink": "/c/2019-12-24/461764.shtml",
			"date": "2019-12-24(二)",
			"week": "二",
			"red": "09,10,13,20,26,27",
			"blue": "08",
			"blue2": "",
			"sales": "412835082",
			"poolmoney": "870667904",
			"content": "河北1注,山西3注,吉林1注,黑龙江1注,上海4注,江苏1注,浙江6注,安徽1注,山东4注,河南2注,湖北1注,湖南1注,广东5注,四川3注,贵州3注,云南2注,陕西1注,青海1注,宁夏1注,共42注。其中一等奖特别奖为：浙江2注,山东1注；一等奖普惠奖为：河北1注,山西3注,吉林1注,黑龙江1注,上海4注,江苏1注,浙江4注,安徽1注,山东3注,河南2注,湖北1注,湖南1注,广东5注,四川3注,贵州3注,云南2注,陕西1注,青海1注,宁夏1注。",
			"addmoney": "",
			"addmoney2": "",
			"msg": "下期一等奖特别奖派奖金额：13839111元。\n下期一等奖普惠奖派奖金额：0元。",
			"z2add": "",
			"m2add": "",
			"prizegrades": [
				{
					"type": 1,
					"typenum": "42",
					"typemoney": "5386963"
				},
				{
					"type": 2,
					"typenum": "179",
					"typemoney": "113495"
				},
				{
					"type": 3,
					"typenum": "2290",
					"typemoney": "3000"
				},
				{
					"type": 4,
					"typenum": "97261",
					"typemoney": "200"
				},
				{
					"type": 5,
					"typenum": "1647090",
					"typemoney": "10"
				},
				{
					"type": 6,
					"typenum": "15646733",
					"typemoney": "5"
				},
				{
					"type": 7,
					"typenum": "",
					"typemoney": ""
				}
			]
		},
		{
			"name": "双色球",
			"code": "2019147",
			"detailsLink": "/c/2019-12-22/461655.shtml",
			"videoLink": "/c/2019-12-22/461654.shtml",
			"date": "2019-12-22(日)",
			"week": "日",
			"red": "01,09,12,14,23,27",
			"blue": "12",
			"blue2": "",
			"sales": "428843148",
			"poolmoney": "1035973571",
			"content": "河北4注,内蒙古1注,陕西1注,甘肃2注,新疆1注,深圳1注,共10注。其中一等奖特别奖为：河北4注,内蒙古1注,新疆1注；一等奖普惠奖为：陕西1注,甘肃2注,深圳1注。",
			"addmoney": "",
			"addmoney2": "",
			"msg": "下期一等奖特别奖派奖金额：30000000元。\n下期一等奖普惠奖派奖金额：5000000元。",
			"z2add": "",
			"m2add": "",
			"prizegrades": [
				{
					"type": 1,
					"typenum": "10",
					"typemoney": "7003459"
				},
				{
					"type": 2,
					"typenum": "120",
					"typemoney": "208693"
				},
				{
					"type": 3,
					"typenum": "1629",
					"typemoney": "3000"
				},
				{
					"type": 4,
					"typenum": "85889",
					"typemoney": "200"
				},
				{
					"type": 5,
					"typenum": "1585960",
					"typemoney": "10"
				},
				{
					"type": 6,
					"typenum": "14407158",
					"typemoney": "5"
				},
				{
					"type": 7,
					"typenum": "",
					"typemoney": ""
				}
			]
		},
		{
			"name": "双色球",
			"code": "2019146",
			"detailsLink": "/c/2019-12-19/461542.shtml",
			"videoLink": "/c/2019-12-19/461541.shtml",
			"date": "2019-12-19(四)",
			"week": "四",
			"red": "01,04,10,12,30,32",
			"blue": "14",
			"blue2": "",
			"sales": "400822952",
			"poolmoney": "1030878448",
			"content": "河北1注,浙江1注,陕西2注,共4注。其中一等奖特别奖为：浙江1注,陕西2注；一等奖普惠奖为：河北1注。",
			"addmoney": "",
			"addmoney2": "",
			"msg": "下期一等奖特别奖派奖金额：30000000元。\n下期一等奖普惠奖派奖金额：5000000元。",
			"z2add": "",
			"m2add": "",
			"prizegrades": [
				{
					"type": 1,
					"typenum": "4",
					"typemoney": "10000000"
				},
				{
					"type": 2,
					"typenum": "82",
					"typemoney": "411505"
				},
				{
					"type": 3,
					"typenum": "806",
					"typemoney": "3000"
				},
				{
					"type": 4,
					"typenum": "46154",
					"typemoney": "200"
				},
				{
					"type": 5,
					"typenum": "998965",
					"typemoney": "10"
				},
				{
					"type": 6,
					"typenum": "7958222",
					"typemoney": "5"
				},
				{
					"type": 7,
					"typenum": "",
					"typemoney": ""
				}
			]
		},
		{
			"name": "双色球",
			"code": "2019145",
			"detailsLink": "/c/2019-12-17/461432.shtml",
			"videoLink": "/c/2019-12-17/461431.shtml",
			"date": "2019-12-17(二)",
			"week": "二",
			"red": "01,08,13,17,18,19",
			"blue": "16",
			"blue2": "",
			"sales": "404721396",
			"poolmoney": "969648184",
			"content": "北京1注,辽宁1注,黑龙江2注,上海1注,江苏1注,浙江2注,安徽1注,重庆2注,贵州1注,云南1注,甘肃2注,共15注。其中一等奖特别奖为：浙江1注,安徽1注,重庆2注,甘肃2注；一等奖普惠奖为：北京1注,辽宁1注,黑龙江2注,上海1注,江苏1注,浙江1注,贵州1注,云南1注。",
			"addmoney": "",
			"addmoney2": "",
			"msg": "下期一等奖特别奖派奖金额：30000000元。\n下期一等奖普惠奖派奖金额：5000000元。",
			"z2add": "",
			"m2add": "",
			"prizegrades": [
				{
					"type": 1,
					"typenum": "15",
					"typemoney": "6299971"
				},
				{
					"type": 2,
					"typenum": "145",
					"typemoney": "168099"
				},
				{
					"type": 3,
					"typenum": "2046",
					"typemoney": "3000"
				},
				{
					"type": 4,
					"typenum": "106355",
					"typemoney": "200"
				},
				{
					"type": 5,
					"typenum": "1848486",
					"typemoney": "10"
				},
				{
					"type": 6,
					"typenum": "10984352",
					"typemoney": "5"
				},
				{
					"type": 7,
					"typenum": "",
					"typemoney": ""
				}
			]
		},
		{
			"name": "双色球",
			"code": "2019144",
			"detailsLink": "/c/2019-12-15/461322.shtml",
			"videoLink": "/c/2019-12-15/461321.shtml",
			"date": "2019-12-15(日)",
			"week": "日",
			"red": "02,12,15,19,27,30",
			"blue": "03",
			"blue2": "",
			"sales": "448943976",
			"poolmoney": "991024359",
			"content": "天津2注,辽宁1注,江苏2注,浙江2注,重庆1注,广东2注,云南1注,新疆1注,深圳1注,共13注。其中一等奖特别奖为：天津1注,辽宁1注,江苏1注,浙江1注,广东2注,云南1注,新疆1注；一等奖普惠奖为：天津1注,江苏1注,浙江1注,重庆1注,深圳1注。",
			"addmoney": "",
			"addmoney2": "",
			"msg": "下期一等奖特别奖派奖金额：30000000元。\n下期一等奖普惠奖派奖金额：5000000元。",
			"z2add": "",
			"m2add": "",
			"prizegrades": [
				{
					"type": 1,
					"typenum": "13",
					"typemoney": "6951733"
				},
				{
					"type": 2,
					"typenum": "276",
					"typemoney": "114911"
				},
				{
					"type": 3,
					"typenum": "1748",
					"typemoney": "3000"
				},
				{
					"type": 4,
					"typenum": "84386",
					"typemoney": "200"
				},
				{
					"type": 5,
					"typenum": "1591131",
					"typemoney": "10"
				},
				{
					"type": 6,
					"typenum": "11017466",
					"typemoney": "5"
				},
				{
					"type": 7,
					"typenum": "",
					"typemoney": ""
				}
			]
		},
		{
			"name": "双色球",
			"code": "2019143",
			"detailsLink": "/c/2019-12-12/461209.shtml",
			"videoLink": "/c/2019-12-12/461208.shtml",
			"date": "2019-12-12(四)",
			"week": "四",
			"red": "05,13,15,16,26,32",
			"blue": "09",
			"blue2": "",
			"sales": "421054466",
			"poolmoney": "986249870",
			"content": "内蒙古1注,上海2注,江西1注,重庆2注,河南1注,湖北2注,四川2注,共11注。其中一等奖特别奖为：内蒙古1注,上海2注,江西1注,重庆2注,河南1注,湖北1注,四川2注；一等奖普惠奖为：湖北1注。",
			"addmoney": "",
			"addmoney2": "",
			"msg": "下期一等奖特别奖派奖金额：30000000元。\n下期一等奖普惠奖派奖金额：10000000元。",
			"z2add": "",
			"m2add": "",
			"prizegrades": [
				{
					"type": 1,
					"typenum": "11",
					"typemoney": "6396823"
				},
				{
					"type": 2,
					"typenum": "471",
					"typemoney": "40777"
				},
				{
					"type": 3,
					"typenum": "2602",
					"typemoney": "3000"
				},
				{
					"type": 4,
					"typenum": "119572",
					"typemoney": "200"
				},
				{
					"type": 5,
					"typenum": "1977738",
					"typemoney": "10"
				},
				{
					"type": 6,
					"typenum": "15598720",
					"typemoney": "5"
				},
				{
					"type": 7,
					"typenum": "",
					"typemoney": ""
				}
			]
		},
		{
			"name": "双色球",
			"code": "2019142",
			"detailsLink": "/c/2019-12-10/461099.shtml",
			"videoLink": "/c/2019-12-10/461098.shtml",
			"date": "2019-12-10(二)",
			"week": "二",
			"red": "08,14,24,27,29,33",
			"blue": "09",
			"blue2": "",
			"sales": "429455474",
			"poolmoney": "998995951",
			"content": "河北1注,江苏1注,浙江1注,福建5注,广西1注,新疆5注,共14注。其中一等奖特别奖为：河北1注,江苏1注,福建5注,广西1注,新疆5注；一等奖普惠奖为：浙江1注。",
			"addmoney": "",
			"addmoney2": "",
			"msg": "下期一等奖特别奖派奖金额：30000000元。\n下期一等奖普惠奖派奖金额：10000000元。\n下期六等奖翻番奖奖金余额：0元。",
			"z2add": "",
			"m2add": "",
			"prizegrades": [
				{
					"type": 1,
					"typenum": "14",
					"typemoney": "5681439"
				},
				{
					"type": 2,
					"typenum": "72",
					"typemoney": "165627"
				},
				{
					"type": 3,
					"typenum": "1769",
					"typemoney": "3000"
				},
				{
					"type": 4,
					"typenum": "90904",
					"typemoney": "200"
				},
				{
					"type": 5,
					"typenum": "1628219",
					"typemoney": "10"
				},
				{
					"type": 6,
					"typenum": "24592484",
					"typemoney": "5"
				},
				{
					"type": 7,
					"typenum": "",
					"typemoney": ""
				}
			]
		},
		{
			"name": "双色球",
			"code": "2019141",
			"detailsLink": "/c/2019-12-08/460989.shtml",
			"videoLink": "/c/2019-12-08/460988.shtml",
			"date": "2019-12-08(日)",
			"week": "日",
			"red": "10,13,14,15,17,33",
			"blue": "14",
			"blue2": "",
			"sales": "466103236",
			"poolmoney": "1042760527",
			"content": "山东2注,共2注。其中一等奖特别奖为：山东2注。",
			"addmoney": "",
			"addmoney2": "",
			"msg": "下期一等奖特别奖派奖金额：40000000元。\n下期一等奖普惠奖派奖金额：10000000元。\n下期六等奖翻番奖奖金余额：3162275元。",
			"z2add": "",
			"m2add": "",
			"prizegrades": [
				{
					"type": 1,
					"typenum": "2",
					"typemoney": "10000000"
				},
				{
					"type": 2,
					"typenum": "101",
					"typemoney": "317944"
				},
				{
					"type": 3,
					"typenum": "1288",
					"typemoney": "3000"
				},
				{
					"type": 4,
					"typenum": "73243",
					"typemoney": "200"
				},
				{
					"type": 5,
					"typenum": "1486187",
					"typemoney": "10"
				},
				{
					"type": 6,
					"typenum": "13313326",
					"typemoney": "5"
				},
				{
					"type": 7,
					"typenum": "",
					"typemoney": ""
				}
			]
		},
		{
			"name": "双色球",
			"code": "2019140",
			"detailsLink": "/c/2019-12-05/460976.shtml",
			"videoLink": "/c/2019-12-05/460975.shtml",
			"date": "2019-12-05(四)",
			"week": "四",
			"red": "02,04,09,11,14,22",
			"blue": "05",
			"blue2": "",
			"sales": "421874374",
			"poolmoney": "966423413",
			"content": "北京5注,河北1注,山西1注,辽宁1注,吉林1注,黑龙江1注,浙江4注,江西1注,山东1注,湖北1注,广东2注,四川3注,陕西2注,深圳1注,共25注。其中一等奖特别奖为：北京5注,河北1注,辽宁1注,黑龙江1注,浙江4注,山东1注,湖北1注,广东2注,四川3注,陕西1注,深圳1注；一等奖普惠奖为：山西1注,吉林1注,江西1注,陕西1注。",
			"addmoney": "",
			"addmoney2": "",
			"msg": "下期一等奖特别奖派奖金额：30000000元。\n下期一等奖普惠奖派奖金额：5000000元。\n下期六等奖翻番奖奖金余额：46173295元。",
			"z2add": "",
			"m2add": "",
			"prizegrades": [
				{
					"type": 1,
					"typenum": "25",
					"typemoney": "5699960"
				},
				{
					"type": 2,
					"typenum": "187",
					"typemoney": "116972"
				},
				{
					"type": 3,
					"typenum": "2146",
					"typemoney": "3000"
				},
				{
					"type": 4,
					"typenum": "103247",
					"typemoney": "200"
				},
				{
					"type": 5,
					"typenum": "1816465",
					"typemoney": "10"
				},
				{
					"type": 6,
					"typenum": "14794261",
					"typemoney": "5"
				},
				{
					"type": 7,
					"typenum": "",
					"typemoney": ""
				}
			]
		},
		{
			"name": "双色球",
			"code": "2019139",
			"detailsLink": "/c/2019-12-03/460865.shtml",
			"videoLink": "/c/2019-12-03/460866.shtml",
			"date": "2019-12-03(二)",
			"week": "二",
			"red": "08,14,20,23,30,33",
			"blue": "11",
			"blue2": "",
			"sales": "420684332",
			"poolmoney": "1043301115",
			"content": "辽宁1注,浙江1注,安徽1注,重庆1注,共4注。其中一等奖特别奖为：浙江1注；一等奖普惠奖为：辽宁1注,安徽1注,重庆1注。",
			"addmoney": "",
			"addmoney2": "",
			"msg": "下期一等奖特别奖派奖金额：50000000元。\n下期一等奖普惠奖派奖金额：5000000元。\n下期六等奖翻番奖奖金余额：93618115元。",
			"z2add": "",
			"m2add": "",
			"prizegrades": [
				{
					"type": 1,
					"typenum": "4",
					"typemoney": "10000000"
				},
				{
					"type": 2,
					"typenum": "87",
					"typemoney": "370721"
				},
				{
					"type": 3,
					"typenum": "996",
					"typemoney": "3000"
				},
				{
					"type": 4,
					"typenum": "59751",
					"typemoney": "200"
				},
				{
					"type": 5,
					"typenum": "1303622",
					"typemoney": "10"
				},
				{
					"type": 6,
					"typenum": "9829994",
					"typemoney": "5"
				},
				{
					"type": 7,
					"typenum": "",
					"typemoney": ""
				}
			]
		},
		{
			"name": "双色球",
			"code": "2019138",
			"detailsLink": "/c/2019-12-01/460756.shtml",
			"videoLink": "/c/2019-12-01/460755.shtml",
			"date": "2019-12-01(日)",
			"week": "日",
			"red": "02,06,12,30,31,32",
			"blue": "11",
			"blue2": "",
			"sales": "455574142",
			"poolmoney": "986542917",
			"content": "北京1注,河北3注,山西1注,内蒙古1注,上海2注,江西1注,重庆2注,河南1注,贵州1注,甘肃1注,宁夏1注,共15注。其中一等奖特别奖为：北京1注,河北2注,山西1注,内蒙古1注,上海2注,江西1注,重庆2注,甘肃1注,宁夏1注；一等奖普惠奖为：河北1注,河南1注,贵州1注。",
			"addmoney": "",
			"addmoney2": "",
			"msg": "下期一等奖特别奖派奖金额：30000000元。\n下期一等奖普惠奖派奖金额：5000000元。\n下期六等奖翻番奖奖金余额：121852565元。",
			"z2add": "",
			"m2add": "",
			"prizegrades": [
				{
					"type": 1,
					"typenum": "15",
					"typemoney": "6123356"
				},
				{
					"type": 2,
					"typenum": "221",
					"typemoney": "95307"
				},
				{
					"type": 3,
					"typenum": "2215",
					"typemoney": "3000"
				},
				{
					"type": 4,
					"typenum": "100630",
					"typemoney": "200"
				},
				{
					"type": 5,
					"typenum": "1773938",
					"typemoney": "10"
				},
				{
					"type": 6,
					"typenum": "18893849",
					"typemoney": "5"
				},
				{
					"type": 7,
					"typenum": "",
					"typemoney": ""
				}
			]
		},
		{
			"name": "双色球",
			"code": "2019137",
			"detailsLink": "/c/2019-11-28/460643.shtml",
			"videoLink": "/c/2019-11-28/460642.shtml",
			"date": "2019-11-28(四)",
			"week": "四",
			"red": "07,10,13,19,23,31",
			"blue": "06",
			"blue2": "",
			"sales": "414318454",
			"poolmoney": "1015204480",
			"content": "北京1注,天津1注,内蒙古4注,辽宁2注,吉林2注,黑龙江2注,上海2注,江苏1注,浙江3注,安徽1注,福建1注,江西2注,重庆1注,湖北1注,四川1注,甘肃1注,深圳1注,共27注。其中一等奖特别奖为：天津1注,内蒙古4注,吉林1注,黑龙江2注,上海1注,浙江2注,安徽1注,福建1注,江西1注,重庆1注,湖北1注,四川1注,甘肃1注,深圳1注；一等奖普惠奖为：北京1注,辽宁2注,吉林1注,上海1注,江苏1注,浙江1注,江西1注。",
			"addmoney": "",
			"addmoney2": "",
			"msg": "下期一等奖特别奖派奖金额：30000000元。\n下期一等奖普惠奖派奖金额：5000000元。\n下期六等奖翻番奖奖金余额：183780490元。",
			"z2add": "",
			"m2add": "",
			"prizegrades": [
				{
					"type": 1,
					"typenum": "27",
					"typemoney": "5601120"
				},
				{
					"type": 2,
					"typenum": "230",
					"typemoney": "88207"
				},
				{
					"type": 3,
					"typenum": "3092",
					"typemoney": "3000"
				},
				{
					"type": 4,
					"typenum": "120305",
					"typemoney": "200"
				},
				{
					"type": 5,
					"typenum": "1972407",
					"typemoney": "10"
				},
				{
					"type": 6,
					"typenum": "13760746",
					"typemoney": "5"
				},
				{
					"type": 7,
					"typenum": "",
					"typemoney": ""
				}
			]
		},
		{
			"name": "双色球",
			"code": "2019136",
			"detailsLink": "/c/2019-11-26/460533.shtml",
			"videoLink": "/c/2019-11-26/460532.shtml",
			"date": "2019-11-26(二)",
			"week": "二",
			"red": "12,14,15,17,29,33",
			"blue": "12",
			"blue2": "",
			"sales": "411048748",
			"poolmoney": "1105571297",
			"content": "福建1注,山东2注,湖南1注,广东2注,甘肃1注,共7注。其中一等奖特别奖为：山东1注,湖南1注,广东2注,甘肃1注；一等奖普惠奖为：福建1注,山东1注。",
			"addmoney": "",
			"addmoney2": "",
			"msg": "下期一等奖特别奖派奖金额：30885380元。\n下期一等奖普惠奖派奖金额：5000000元。\n下期六等奖翻番奖奖金余额：226906685元。",
			"z2add": "",
			"m2add": "",
			"prizegrades": [
				{
					"type": 1,
					"typenum": "7",
					"typemoney": "7822924"
				},
				{
					"type": 2,
					"typenum": "50",
					"typemoney": "494011"
				},
				{
					"type": 3,
					"typenum": "1204",
					"typemoney": "3000"
				},
				{
					"type": 4,
					"typenum": "64067",
					"typemoney": "200"
				},
				{
					"type": 5,
					"typenum": "1300032",
					"typemoney": "10"
				},
				{
					"type": 6,
					"typenum": "14637160",
					"typemoney": "5"
				},
				{
					"type": 7,
					"typenum": "",
					"typemoney": ""
				}
			]
		},
		{
			"name": "双色球",
			"code": "2019135",
			"detailsLink": "/c/2019-11-24/460423.shtml",
			"videoLink": "/c/2019-11-24/460422.shtml",
			"date": "2019-11-24(日)",
			"week": "日",
			"red": "03,06,10,11,27,33",
			"blue": "03",
			"blue2": "",
			"sales": "448749008",
			"poolmoney": "1086229996",
			"content": "江苏1注,福建2注,河南1注,共4注。其中一等奖特别奖为：福建1注,河南1注；一等奖普惠奖为：江苏1注,福建1注。",
			"addmoney": "",
			"addmoney2": "",
			"msg": "下期一等奖特别奖派奖金额：40000000元。\n下期一等奖普惠奖派奖金额：5000000元。\n下期六等奖翻番奖奖金余额：274088610元。",
			"z2add": "",
			"m2add": "",
			"prizegrades": [
				{
					"type": 1,
					"typenum": "4",
					"typemoney": "10000000"
				},
				{
					"type": 2,
					"typenum": "145",
					"typemoney": "227222"
				},
				{
					"type": 3,
					"typenum": "1826",
					"typemoney": "3000"
				},
				{
					"type": 4,
					"typenum": "86246",
					"typemoney": "200"
				},
				{
					"type": 5,
					"typenum": "1582143",
					"typemoney": "10"
				},
				{
					"type": 6,
					"typenum": "9909893",
					"typemoney": "5"
				},
				{
					"type": 7,
					"typenum": "",
					"typemoney": ""
				}
			]
		},
		{
			"name": "双色球",
			"code": "2019134",
			"detailsLink": "/c/2019-11-21/460410.shtml",
			"videoLink": "/c/2019-11-21/460409.shtml",
			"date": "2019-11-21(四)",
			"week": "四",
			"red": "01,04,06,22,29,30",
			"blue": "03",
			"blue2": "",
			"sales": "424644500",
			"poolmoney": "1027388308",
			"content": "天津2注,辽宁1注,黑龙江1注,福建2注,贵州1注,共7注。其中一等奖特别奖为：天津2注,黑龙江1注,福建2注；一等奖普惠奖为：辽宁1注,贵州1注。",
			"addmoney": "",
			"addmoney2": "",
			"msg": "下期一等奖特别奖派奖金额：30000000元。\n下期一等奖普惠奖派奖金额：5000000元。\n下期六等奖翻番奖奖金余额：301700610元。",
			"z2add": "",
			"m2add": "",
			"prizegrades": [
				{
					"type": 1,
					"typenum": "7",
					"typemoney": "8383006"
				},
				{
					"type": 2,
					"typenum": "99",
					"typemoney": "299003"
				},
				{
					"type": 3,
					"typenum": "1220",
					"typemoney": "3000"
				},
				{
					"type": 4,
					"typenum": "66274",
					"typemoney": "200"
				},
				{
					"type": 5,
					"typenum": "1329344",
					"typemoney": "10"
				},
				{
					"type": 6,
					"typenum": "11892467",
					"typemoney": "5"
				},
				{
					"type": 7,
					"typenum": "",
					"typemoney": ""
				}
			]
		},
		{
			"name": "双色球",
			"code": "2019133",
			"detailsLink": "/c/2019-11-19/460300.shtml",
			"videoLink": "/c/2019-11-19/460299.shtml",
			"date": "2019-11-19(二)",
			"week": "二",
			"red": "03,07,16,21,24,31",
			"blue": "07",
			"blue2": "",
			"sales": "412973230",
			"poolmoney": "997265432",
			"content": "辽宁1注,上海1注,江苏1注,山东2注,湖南2注,贵州1注,宁夏1注,深圳1注,共10注。其中一等奖特别奖为：上海1注,江苏1注,山东2注,湖南1注,贵州1注；一等奖普惠奖为：辽宁1注,湖南1注,宁夏1注,深圳1注。",
			"addmoney": "",
			"addmoney2": "",
			"msg": "下期一等奖特别奖派奖金额：30000000元。\n下期一等奖普惠奖派奖金额：5000000元。\n下期六等奖翻番奖奖金余额：337862280元。",
			"z2add": "",
			"m2add": "",
			"prizegrades": [
				{
					"type": 1,
					"typenum": "10",
					"typemoney": "7387274"
				},
				{
					"type": 2,
					"typenum": "163",
					"typemoney": "183073"
				},
				{
					"type": 3,
					"typenum": "1450",
					"typemoney": "3000"
				},
				{
					"type": 4,
					"typenum": "75438",
					"typemoney": "200"
				},
				{
					"type": 5,
					"typenum": "1347562",
					"typemoney": "10"
				},
				{
					"type": 6,
					"typenum": "10015984",
					"typemoney": "5"
				},
				{
					"type": 7,
					"typenum": "",
					"typemoney": ""
				}
			]
		},
		{
			"name": "双色球",
			"code": "2019132",
			"detailsLink": "/c/2019-11-17/460290.shtml",
			"videoLink": "/c/2019-11-17/460289.shtml",
			"date": "2019-11-17(日)",
			"week": "日",
			"red": "04,06,11,14,19,33",
			"blue": "07",
			"blue2": "",
			"sales": "443878462",
			"poolmoney": "981615374",
			"content": "北京1注,浙江1注,江西2注,广东2注,四川1注,共7注。其中一等奖特别奖为：北京1注,浙江1注,江西2注,广东2注,四川1注。",
			"addmoney": "",
			"addmoney2": "",
			"msg": "下期一等奖特别奖派奖金额：30000000元。\n下期一等奖普惠奖派奖金额：10000000元。\n下期六等奖翻番奖奖金余额：365643750元。",
			"z2add": "",
			"m2add": "",
			"prizegrades": [
				{
					"type": 1,
					"typenum": "7",
					"typemoney": "8159750"
				},
				{
					"type": 2,
					"typenum": "141",
					"typemoney": "196083"
				},
				{
					"type": 3,
					"typenum": "1697",
					"typemoney": "3000"
				},
				{
					"type": 4,
					"typenum": "90323",
					"typemoney": "200"
				},
				{
					"type": 5,
					"typenum": "1695603",
					"typemoney": "10"
				},
				{
					"type": 6,
					"typenum": "13359513",
					"typemoney": "5"
				},
				{
					"type": 7,
					"typenum": "",
					"typemoney": ""
				}
			]
		},
		{
			"name": "双色球",
			"code": "2019131",
			"detailsLink": "/c/2019-11-14/460177.shtml",
			"videoLink": "/c/2019-11-14/460176.shtml",
			"date": "2019-11-14(四)",
			"week": "四",
			"red": "09,17,19,20,24,31",
			"blue": "04",
			"blue2": "",
			"sales": "413548024",
			"poolmoney": "955790186",
			"content": "浙江1注,福建1注,江西1注,河南4注,湖北1注,湖南1注,广东2注,新疆1注,共12注。其中一等奖特别奖为：福建1注,江西1注,河南3注,湖北1注,湖南1注,广东1注；一等奖普惠奖为：浙江1注,河南1注,广东1注,新疆1注。",
			"addmoney": "",
			"addmoney2": "",
			"msg": "下期一等奖特别奖派奖金额：30000000元。\n下期一等奖普惠奖派奖金额：5000000元。\n下期六等奖翻番奖奖金余额：403599380元。",
			"z2add": "",
			"m2add": "",
			"prizegrades": [
				{
					"type": 1,
					"typenum": "12",
					"typemoney": "6956355"
				},
				{
					"type": 2,
					"typenum": "195",
					"typemoney": "150488"
				},
				{
					"type": 3,
					"typenum": "1396",
					"typemoney": "3000"
				},
				{
					"type": 4,
					"typenum": "71263",
					"typemoney": "200"
				},
				{
					"type": 5,
					"typenum": "1344951",
					"typemoney": "10"
				},
				{
					"type": 6,
					"typenum": "10673415",
					"typemoney": "5"
				},
				{
					"type": 7,
					"typenum": "",
					"typemoney": ""
				}
			]
		},
		{
			"name": "双色球",
			"code": "2019130",
			"detailsLink": "/c/2019-11-12/460067.shtml",
			"videoLink": "/c/2019-11-12/460066.shtml",
			"date": "2019-11-12(二)",
			"week": "二",
			"red": "01,07,09,11,24,32",
			"blue": "16",
			"blue2": "",
			"sales": "418172282",
			"poolmoney": "951230446",
			"content": "河北2注,内蒙古1注,江西5注,河南1注,湖南1注,四川5注,共15注。其中一等奖特别奖为：河北2注,内蒙古1注,江西5注,四川4注；一等奖普惠奖为：河南1注,湖南1注,四川1注。",
			"addmoney": "",
			"addmoney2": "",
			"msg": "下期一等奖特别奖派奖金额：30000000元。\n下期一等奖普惠奖派奖金额：5000000元。\n下期六等奖翻番奖奖金余额：436098725元。",
			"z2add": "",
			"m2add": "",
			"prizegrades": [
				{
					"type": 1,
					"typenum": "15",
					"typemoney": "6791765"
				},
				{
					"type": 2,
					"typenum": "151",
					"typemoney": "222487"
				},
				{
					"type": 3,
					"typenum": "1080",
					"typemoney": "3000"
				},
				{
					"type": 4,
					"typenum": "60180",
					"typemoney": "200"
				},
				{
					"type": 5,
					"typenum": "1227522",
					"typemoney": "10"
				},
				{
					"type": 6,
					"typenum": "8594161",
					"typemoney": "5"
				},
				{
					"type": 7,
					"typenum": "",
					"typemoney": ""
				}
			]
		},
		{
			"name": "双色球",
			"code": "2019129",
			"detailsLink": "/c/2019-11-10/459957.shtml",
			"videoLink": "/c/2019-11-10/459956.shtml",
			"date": "2019-11-10(日)",
			"week": "日",
			"red": "03,04,07,09,15,26",
			"blue": "07",
			"blue2": "",
			"sales": "442669038",
			"poolmoney": "952320130",
			"content": "北京6注,河北1注,辽宁1注,上海3注,浙江4注,山东2注,四川1注,贵州1注,陕西1注,共20注。其中一等奖特别奖为：北京1注,河北1注,山东2注,四川1注,陕西1注；一等奖普惠奖为：北京5注,辽宁1注,上海3注,浙江4注,贵州1注。",
			"addmoney": "",
			"addmoney2": "",
			"msg": "下期一等奖特别奖派奖金额：30000000元。\n下期一等奖普惠奖派奖金额：5000000元。\n下期六等奖翻番奖奖金余额：461277950元。",
			"z2add": "",
			"m2add": "",
			"prizegrades": [
				{
					"type": 1,
					"typenum": "20",
					"typemoney": "5800136"
				},
				{
					"type": 2,
					"typenum": "360",
					"typemoney": "55565"
				},
				{
					"type": 3,
					"typenum": "3662",
					"typemoney": "3000"
				},
				{
					"type": 4,
					"typenum": "160129",
					"typemoney": "200"
				},
				{
					"type": 5,
					"typenum": "2497318",
					"typemoney": "10"
				},
				{
					"type": 6,
					"typenum": "13781839",
					"typemoney": "5"
				},
				{
					"type": 7,
					"typenum": "",
					"typemoney": ""
				}
			]
		},
		{
			"name": "双色球",
			"code": "2019128",
			"detailsLink": "/c/2019-11-07/459846.shtml",
			"videoLink": "/c/2019-11-07/459845.shtml",
			"date": "2019-11-07(四)",
			"week": "四",
			"red": "03,08,12,16,17,19",
			"blue": "08",
			"blue2": "",
			"sales": "342336168",
			"poolmoney": "1008312621",
			"content": "北京1注,内蒙古1注,福建1注,江西1注,湖北1注,甘肃1注,新疆3注,共9注。",
			"addmoney": "",
			"addmoney2": "",
			"msg": "下期一等奖特别奖派奖金额：30000000元。\n下期一等奖普惠奖派奖金额：5000000元。\n下期六等奖翻番奖奖金余额：500000000元。",
			"z2add": "",
			"m2add": "",
			"prizegrades": [
				{
					"type": 1,
					"typenum": "9",
					"typemoney": "6051317"
				},
				{
					"type": 2,
					"typenum": "118",
					"typemoney": "100231"
				},
				{
					"type": 3,
					"typenum": "2428",
					"typemoney": "3000"
				},
				{
					"type": 4,
					"typenum": "114474",
					"typemoney": "200"
				},
				{
					"type": 5,
					"typenum": "1818896",
					"typemoney": "10"
				},
				{
					"type": 6,
					"typenum": "14413535",
					"typemoney": "5"
				},
				{
					"type": 7,
					"typenum": "",
					"typemoney": ""
				}
			]
		},
		{
			"name": "双色球",
			"code": "2019127",
			"detailsLink": "/c/2019-11-05/459834.shtml",
			"videoLink": "/c/2019-11-05/459833.shtml",
			"date": "2019-11-05(二)",
			"week": "二",
			"red": "02,06,07,12,17,24",
			"blue": "10",
			"blue2": "",
			"sales": "338393664",
			"poolmoney": "1027292513",
			"content": "河北1注,江苏1注,江西1注,山东2注,重庆1注,河南1注,湖北2注,广西3注,四川1注,云南1注,深圳1注,共15注。",
			"addmoney": "",
			"addmoney2": "",
			"msg": "",
			"z2add": "",
			"m2add": "",
			"prizegrades": [
				{
					"type": 1,
					"typenum": "15",
					"typemoney": "5970153"
				},
				{
					"type": 2,
					"typenum": "227",
					"typemoney": "80133"
				},
				{
					"type": 3,
					"typenum": "2109",
					"typemoney": "3000"
				},
				{
					"type": 4,
					"typenum": "91352",
					"typemoney": "200"
				},
				{
					"type": 5,
					"typenum": "1481099",
					"typemoney": "10"
				},
				{
					"type": 6,
					"typenum": "10728601",
					"typemoney": "5"
				},
				{
					"type": 7,
					"typenum": "",
					"typemoney": ""
				}
			]
		},
		{
			"name": "双色球",
			"code": "2019126",
			"detailsLink": "/c/2019-11-03/459624.shtml",
			"videoLink": "/c/2019-11-03/459623.shtml",
			"date": "2019-11-03(日)",
			"week": "日",
			"red": "02,14,17,29,32,33",
			"blue": "16",
			"blue2": "",
			"sales": "369776508",
			"poolmoney": "1062273688",
			"content": "河北1注,黑龙江1注,上海1注,山东1注,湖北1注,广东1注,云南1注,甘肃1注,共8注。",
			"addmoney": "",
			"addmoney2": "",
			"msg": "",
			"z2add": "",
			"m2add": "",
			"prizegrades": [
				{
					"type": 1,
					"typenum": "8",
					"typemoney": "7151842"
				},
				{
					"type": 2,
					"typenum": "81",
					"typemoney": "265659"
				},
				{
					"type": 3,
					"typenum": "1124",
					"typemoney": "3000"
				},
				{
					"type": 4,
					"typenum": "57550",
					"typemoney": "200"
				},
				{
					"type": 5,
					"typenum": "1089822",
					"typemoney": "10"
				},
				{
					"type": 6,
					"typenum": "13867310",
					"typemoney": "5"
				},
				{
					"type": 7,
					"typenum": "",
					"typemoney": ""
				}
			]
		},
		{
			"name": "双色球",
			"code": "2019125",
			"detailsLink": "/c/2019-10-31/459611.shtml",
			"videoLink": "/c/2019-10-31/459610.shtml",
			"date": "2019-10-31(四)",
			"week": "四",
			"red": "02,11,12,26,27,29",
			"blue": "03",
			"blue2": "",
			"sales": "342491160",
			"poolmoney": "1054933143",
			"content": "河北1注,浙江5注,广东1注,四川1注,共8注。",
			"addmoney": "",
			"addmoney2": "",
			"msg": "",
			"z2add": "",
			"m2add": "",
			"prizegrades": [
				{
					"type": 1,
					"typenum": "8",
					"typemoney": "7374072"
				},
				{
					"type": 2,
					"typenum": "253",
					"typemoney": "93836"
				},
				{
					"type": 3,
					"typenum": "1489",
					"typemoney": "3000"
				},
				{
					"type": 4,
					"typenum": "71139",
					"typemoney": "200"
				},
				{
					"type": 5,
					"typenum": "1302739",
					"typemoney": "10"
				},
				{
					"type": 6,
					"typenum": "8227113",
					"typemoney": "5"
				},
				{
					"type": 7,
					"typenum": "",
					"typemoney": ""
				}
			]
		},
		{
			"name": "双色球",
			"code": "2019124",
			"detailsLink": "/c/2019-10-29/459501.shtml",
			"videoLink": "/c/2019-10-29/459500.shtml",
			"date": "2019-10-29(二)",
			"week": "二",
			"red": "04,09,30,31,32,33",
			"blue": "01",
			"blue2": "",
			"sales": "337939626",
			"poolmoney": "1042703541",
			"content": "北京1注,天津1注,河北1注,福建2注,山东4注,河南1注,湖北1注,陕西2注,甘肃1注,共14注。",
			"addmoney": "",
			"addmoney2": "",
			"msg": "",
			"z2add": "",
			"m2add": "",
			"prizegrades": [
				{
					"type": 1,
					"typenum": "14",
					"typemoney": "6175971"
				},
				{
					"type": 2,
					"typenum": "153",
					"typemoney": "134506"
				},
				{
					"type": 3,
					"typenum": "2106",
					"typemoney": "3000"
				},
				{
					"type": 4,
					"typenum": "70799",
					"typemoney": "200"
				},
				{
					"type": 5,
					"typenum": "1082853",
					"typemoney": "10"
				},
				{
					"type": 6,
					"typenum": "10393216",
					"typemoney": "5"
				},
				{
					"type": 7,
					"typenum": "",
					"typemoney": ""
				}
			]
		},
		{
			"name": "双色球",
			"code": "2019123",
			"detailsLink": "/c/2019-10-27/459392.shtml",
			"videoLink": "/c/2019-10-27/459391.shtml",
			"date": "2019-10-27(日)",
			"week": "日",
			"red": "02,06,08,17,28,30",
			"blue": "06",
			"blue2": "",
			"sales": "360609038",
			"poolmoney": "1067428638",
			"content": "山西3注,福建1注,江西1注,重庆1注,河南2注,湖北1注,广东3注,广西4注,四川1注,云南1注,宁夏1注,共19注。",
			"addmoney": "",
			"addmoney2": "",
			"msg": "",
			"z2add": "",
			"m2add": "",
			"prizegrades": [
				{
					"type": 1,
					"typenum": "19",
					"typemoney": "5596004"
				},
				{
					"type": 2,
					"typenum": "366",
					"typemoney": "38675"
				},
				{
					"type": 3,
					"typenum": "3291",
					"typemoney": "3000"
				},
				{
					"type": 4,
					"typenum": "126658",
					"typemoney": "200"
				},
				{
					"type": 5,
					"typenum": "1920703",
					"typemoney": "10"
				},
				{
					"type": 6,
					"typenum": "13133272",
					"typemoney": "5"
				},
				{
					"type": 7,
					"typenum": "",
					"typemoney": ""
				}
			]
		},
		{
			"name": "双色球",
			"code": "2019122",
			"detailsLink": "/c/2019-10-24/459279.shtml",
			"videoLink": "/c/2019-10-24/459278.shtml",
			"date": "2019-10-24(四)",
			"week": "四",
			"red": "04,10,15,19,21,23",
			"blue": "02",
			"blue2": "",
			"sales": "334989390",
			"poolmoney": "1131287397",
			"content": "河北1注,浙江1注,山东1注,湖北1注,共4注。",
			"addmoney": "",
			"addmoney2": "",
			"msg": "",
			"z2add": "",
			"m2add": "",
			"prizegrades": [
				{
					"type": 1,
					"typenum": "4",
					"typemoney": "10000000"
				},
				{
					"type": 2,
					"typenum": "117",
					"typemoney": "226282"
				},
				{
					"type": 3,
					"typenum": "831",
					"typemoney": "3000"
				},
				{
					"type": 4,
					"typenum": "52327",
					"typemoney": "200"
				},
				{
					"type": 5,
					"typenum": "1040569",
					"typemoney": "10"
				},
				{
					"type": 6,
					"typenum": "6976072",
					"typemoney": "5"
				},
				{
					"type": 7,
					"typenum": "",
					"typemoney": ""
				}
			]
		},
		{
			"name": "双色球",
			"code": "2019121",
			"detailsLink": "/c/2019-10-22/459169.shtml",
			"videoLink": "/c/2019-10-22/459168.shtml",
			"date": "2019-10-22(二)",
			"week": "二",
			"red": "02,06,15,21,30,31",
			"blue": "02",
			"blue2": "",
			"sales": "334748934",
			"poolmoney": "1091862134",
			"content": "河北5注,浙江1注,安徽1注,山东1注,湖南1注,四川5注,新疆1注,共15注。",
			"addmoney": "",
			"addmoney2": "",
			"msg": "",
			"z2add": "",
			"m2add": "",
			"prizegrades": [
				{
					"type": 1,
					"typenum": "15",
					"typemoney": "6185649"
				},
				{
					"type": 2,
					"typenum": "138",
					"typemoney": "161093"
				},
				{
					"type": 3,
					"typenum": "1582",
					"typemoney": "3000"
				},
				{
					"type": 4,
					"typenum": "72235",
					"typemoney": "200"
				},
				{
					"type": 5,
					"typenum": "1298470",
					"typemoney": "10"
				},
				{
					"type": 6,
					"typenum": "8585111",
					"typemoney": "5"
				},
				{
					"type": 7,
					"typenum": "",
					"typemoney": ""
				}
			]
		},
		{
			"name": "双色球",
			"code": "2019120",
			"detailsLink": "/c/2019-10-20/459159.shtml",
			"videoLink": "/c/2019-10-20/459158.shtml",
			"date": "2019-10-20(日)",
			"week": "日",
			"red": "10,12,27,31,32,33",
			"blue": "03",
			"blue2": "",
			"sales": "361613906",
			"poolmoney": "1117954087",
			"content": "浙江1注,福建1注,山东1注,重庆1注,青海1注,共5注。",
			"addmoney": "",
			"addmoney2": "",
			"msg": "",
			"z2add": "",
			"m2add": "",
			"prizegrades": [
				{
					"type": 1,
					"typenum": "5",
					"typemoney": "8898140"
				},
				{
					"type": 2,
					"typenum": "85",
					"typemoney": "286627"
				},
				{
					"type": 3,
					"typenum": "1114",
					"typemoney": "3000"
				},
				{
					"type": 4,
					"typenum": "58909",
					"typemoney": "200"
				},
				{
					"type": 5,
					"typenum": "1156426",
					"typemoney": "10"
				},
				{
					"type": 6,
					"typenum": "10609848",
					"typemoney": "5"
				},
				{
					"type": 7,
					"typenum": "",
					"typemoney": ""
				}
			]
		},
		{
			"name": "双色球",
			"code": "2019119",
			"detailsLink": "/c/2019-10-17/459046.shtml",
			"videoLink": "/c/2019-10-17/459045.shtml",
			"date": "2019-10-17(四)",
			"week": "四",
			"red": "04,20,22,24,26,33",
			"blue": "07",
			"blue2": "",
			"sales": "332545590",
			"poolmoney": "1089354655",
			"content": "江苏2注,安徽1注,四川5注,甘肃1注,共9注。",
			"addmoney": "",
			"addmoney2": "",
			"msg": "",
			"z2add": "",
			"m2add": "",
			"prizegrades": [
				{
					"type": 1,
					"typenum": "9",
					"typemoney": "6158337"
				},
				{
					"type": 2,
					"typenum": "73",
					"typemoney": "178510"
				},
				{
					"type": 3,
					"typenum": "1483",
					"typemoney": "3000"
				},
				{
					"type": 4,
					"typenum": "75387",
					"typemoney": "200"
				},
				{
					"type": 5,
					"typenum": "1309437",
					"typemoney": "10"
				},
				{
					"type": 6,
					"typenum": "15640278",
					"typemoney": "5"
				},
				{
					"type": 7,
					"typenum": "",
					"typemoney": ""
				}
			]
		},
		{
			"name": "双色球",
			"code": "2019118",
			"detailsLink": "/c/2019-10-15/458936.shtml",
			"videoLink": "/c/2019-10-15/458935.shtml",
			"date": "2019-10-15(二)",
			"week": "二",
			"red": "12,14,15,25,28,31",
			"blue": "04",
			"blue2": "",
			"sales": "329400746",
			"poolmoney": "1105685807",
			"content": "天津1注,山西1注,黑龙江1注,上海1注,浙江1注,湖北1注,共6注。",
			"addmoney": "",
			"addmoney2": "",
			"msg": "",
			"z2add": "",
			"m2add": "",
			"prizegrades": [
				{
					"type": 1,
					"typenum": "6",
					"typemoney": "8013754"
				},
				{
					"type": 2,
					"typenum": "142",
					"typemoney": "159177"
				},
				{
					"type": 3,
					"typenum": "1153",
					"typemoney": "3000"
				},
				{
					"type": 4,
					"typenum": "59723",
					"typemoney": "200"
				},
				{
					"type": 5,
					"typenum": "1208835",
					"typemoney": "10"
				},
				{
					"type": 6,
					"typenum": "8700354",
					"typemoney": "5"
				},
				{
					"type": 7,
					"typenum": "",
					"typemoney": ""
				}
			]
		},
		{
			"name": "双色球",
			"code": "2019117",
			"detailsLink": "/c/2019-10-13/458926.shtml",
			"videoLink": "/c/2019-10-13/458925.shtml",
			"date": "2019-10-13(日)",
			"week": "日",
			"red": "03,05,11,28,32,33",
			"blue": "01",
			"blue2": "",
			"sales": "358734764",
			"poolmoney": "1085958852",
			"content": "北京1注,福建1注,广东1注,四川1注,陕西1注,共5注。",
			"addmoney": "",
			"addmoney2": "",
			"msg": "",
			"z2add": "",
			"m2add": "",
			"prizegrades": [
				{
					"type": 1,
					"typenum": "5",
					"typemoney": "9637937"
				},
				{
					"type": 2,
					"typenum": "135",
					"typemoney": "214719"
				},
				{
					"type": 3,
					"typenum": "1157",
					"typemoney": "3000"
				},
				{
					"type": 4,
					"typenum": "57662",
					"typemoney": "200"
				},
				{
					"type": 5,
					"typenum": "1181271",
					"typemoney": "10"
				},
				{
					"type": 6,
					"typenum": "6603095",
					"typemoney": "5"
				},
				{
					"type": 7,
					"typenum": "",
					"typemoney": ""
				}
			]
		},
		{
			"name": "双色球",
			"code": "2019116",
			"detailsLink": "/c/2019-10-10/458713.shtml",
			"videoLink": "/c/2019-10-10/458712.shtml",
			"date": "2019-10-10(四)",
			"week": "四",
			"red": "01,08,09,13,16,33",
			"blue": "01",
			"blue2": "",
			"sales": "336502106",
			"poolmoney": "1047187205",
			"content": "辽宁1注,江苏1注,重庆1注,河南1注,四川1注,云南1注,深圳1注,共7注。",
			"addmoney": "",
			"addmoney2": "",
			"msg": "",
			"z2add": "",
			"m2add": "",
			"prizegrades": [
				{
					"type": 1,
					"typenum": "7",
					"typemoney": "8062689"
				},
				{
					"type": 2,
					"typenum": "146",
					"typemoney": "183551"
				},
				{
					"type": 3,
					"typenum": "1078",
					"typemoney": "3000"
				},
				{
					"type": 4,
					"typenum": "61337",
					"typemoney": "200"
				},
				{
					"type": 5,
					"typenum": "1214933",
					"typemoney": "10"
				},
				{
					"type": 6,
					"typenum": "6008232",
					"typemoney": "5"
				},
				{
					"type": 7,
					"typenum": "",
					"typemoney": ""
				}
			]
		},
		{
			"name": "双色球",
			"code": "2019115",
			"detailsLink": "/c/2019-10-08/458603.shtml",
			"videoLink": "/c/2019-10-08/458602.shtml",
			"date": "2019-10-08(二)",
			"week": "二",
			"red": "04,10,11,14,15,29",
			"blue": "05",
			"blue2": "",
			"sales": "354033692",
			"poolmoney": "1023230427",
			"content": "北京1注,河北1注,辽宁1注,上海1注,山东1注,重庆1注,湖北1注,陕西1注,共8注。",
			"addmoney": "",
			"addmoney2": "",
			"msg": "",
			"z2add": "",
			"m2add": "",
			"prizegrades": [
				{
					"type": 1,
					"typenum": "8",
					"typemoney": "7126357"
				},
				{
					"type": 2,
					"typenum": "137",
					"typemoney": "155208"
				},
				{
					"type": 3,
					"typenum": "1901",
					"typemoney": "3000"
				},
				{
					"type": 4,
					"typenum": "92825",
					"typemoney": "200"
				},
				{
					"type": 5,
					"typenum": "1513619",
					"typemoney": "10"
				},
				{
					"type": 6,
					"typenum": "9803606",
					"typemoney": "5"
				},
				{
					"type": 7,
					"typenum": "",
					"typemoney": ""
				}
			]
		},
		{
			"name": "双色球",
			"code": "2019114",
			"detailsLink": "/c/2019-09-29/458493.shtml",
			"videoLink": "/c/2019-09-29/458492.shtml",
			"date": "2019-09-29(日)",
			"week": "日",
			"red": "02,04,09,11,12,30",
			"blue": "01",
			"blue2": "",
			"sales": "372847052",
			"poolmoney": "1016450569",
			"content": "江苏2注,湖南1注,云南1注,共4注。",
			"addmoney": "",
			"addmoney2": "",
			"msg": "",
			"z2add": "",
			"m2add": "",
			"prizegrades": [
				{
					"type": 1,
					"typenum": "4",
					"typemoney": "10000000"
				},
				{
					"type": 2,
					"typenum": "180",
					"typemoney": "167444"
				},
				{
					"type": 3,
					"typenum": "916",
					"typemoney": "3000"
				},
				{
					"type": 4,
					"typenum": "66818",
					"typemoney": "200"
				},
				{
					"type": 5,
					"typenum": "1456010",
					"typemoney": "10"
				},
				{
					"type": 6,
					"typenum": "6292602",
					"typemoney": "5"
				},
				{
					"type": 7,
					"typenum": "",
					"typemoney": ""
				}
			]
		},
		{
			"name": "双色球",
			"code": "2019113",
			"detailsLink": "/c/2019-09-26/458380.shtml",
			"videoLink": "/c/2019-09-26/458379.shtml",
			"date": "2019-09-26(四)",
			"week": "四",
			"red": "01,05,19,21,25,33",
			"blue": "15",
			"blue2": "",
			"sales": "339648916",
			"poolmoney": "966030310",
			"content": "浙江2注,河南1注,广东1注,四川1注,共5注。",
			"addmoney": "",
			"addmoney2": "",
			"msg": "",
			"z2add": "",
			"m2add": "",
			"prizegrades": [
				{
					"type": 1,
					"typenum": "5",
					"typemoney": "8717723"
				},
				{
					"type": 2,
					"typenum": "118",
					"typemoney": "196913"
				},
				{
					"type": 3,
					"typenum": "1088",
					"typemoney": "3000"
				},
				{
					"type": 4,
					"typenum": "57216",
					"typemoney": "200"
				},
				{
					"type": 5,
					"typenum": "1141952",
					"typemoney": "10"
				},
				{
					"type": 6,
					"typenum": "9471632",
					"typemoney": "5"
				},
				{
					"type": 7,
					"typenum": "",
					"typemoney": ""
				}
			]
		},
		{
			"name": "双色球",
			"code": "2019112",
			"detailsLink": "/c/2019-09-24/458270.shtml",
			"videoLink": "/c/2019-09-24/458269.shtml",
			"date": "2019-09-24(二)",
			"week": "二",
			"red": "03,12,14,17,23,27",
			"blue": "01",
			"blue2": "",
			"sales": "335430712",
			"poolmoney": "939911612",
			"content": "吉林1注,江苏2注,山东1注,广东1注,新疆1注,共6注。",
			"addmoney": "",
			"addmoney2": "",
			"msg": "",
			"z2add": "",
			"m2add": "",
			"prizegrades": [
				{
					"type": 1,
					"typenum": "6",
					"typemoney": "8762335"
				},
				{
					"type": 2,
					"typenum": "173",
					"typemoney": "163107"
				},
				{
					"type": 3,
					"typenum": "805",
					"typemoney": "3000"
				},
				{
					"type": 4,
					"typenum": "53336",
					"typemoney": "200"
				},
				{
					"type": 5,
					"typenum": "1119151",
					"typemoney": "10"
				},
				{
					"type": 6,
					"typenum": "5443452",
					"typemoney": "5"
				},
				{
					"type": 7,
					"typenum": "",
					"typemoney": ""
				}
			]
		},
		{
			"name": "双色球",
			"code": "2019111",
			"detailsLink": "/c/2019-09-22/458160.shtml",
			"videoLink": "/c/2019-09-22/458159.shtml",
			"date": "2019-09-22(日)",
			"week": "日",
			"red": "07,18,20,22,24,33",
			"blue": "01",
			"blue2": "",
			"sales": "371095278",
			"poolmoney": "907833069",
			"content": "北京3注,广东3注,共6注。",
			"addmoney": "",
			"addmoney2": "",
			"msg": "",
			"z2add": "",
			"m2add": "",
			"prizegrades": [
				{
					"type": 1,
					"typenum": "6",
					"typemoney": "9138179"
				},
				{
					"type": 2,
					"typenum": "82",
					"typemoney": "378492"
				},
				{
					"type": 3,
					"typenum": "766",
					"typemoney": "3000"
				},
				{
					"type": 4,
					"typenum": "44624",
					"typemoney": "200"
				},
				{
					"type": 5,
					"typenum": "995125",
					"typemoney": "10"
				},
				{
					"type": 6,
					"typenum": "7303449",
					"typemoney": "5"
				},
				{
					"type": 7,
					"typenum": "",
					"typemoney": ""
				}
			]
		},
		{
			"name": "双色球",
			"code": "2019110",
			"detailsLink": "/c/2019-09-19/458147.shtml",
			"videoLink": "/c/2019-09-19/458146.shtml",
			"date": "2019-09-19(四)",
			"week": "四",
			"red": "01,18,22,26,27,28",
			"blue": "08",
			"blue2": "",
			"sales": "345297696",
			"poolmoney": "869553104",
			"content": "北京2注,浙江1注,安徽1注,山东1注,重庆1注,深圳2注,共8注。",
			"addmoney": "",
			"addmoney2": "",
			"msg": "",
			"z2add": "",
			"m2add": "",
			"prizegrades": [
				{
					"type": 1,
					"typenum": "8",
					"typemoney": "7132577"
				},
				{
					"type": 2,
					"typenum": "89",
					"typemoney": "239615"
				},
				{
					"type": 3,
					"typenum": "1244",
					"typemoney": "3000"
				},
				{
					"type": 4,
					"typenum": "64692",
					"typemoney": "200"
				},
				{
					"type": 5,
					"typenum": "1241154",
					"typemoney": "10"
				},
				{
					"type": 6,
					"typenum": "10962168",
					"typemoney": "5"
				},
				{
					"type": 7,
					"typenum": "",
					"typemoney": ""
				}
			]
		}
	]
}